3326 4924
707 240 897 304 ..3.-

380 421 505 473 torreret
526 409 615 471 rutilo
638 427 705 470 cnm
728 408 866 470 Phoebus
888 409 982 470 sidere
1005 426 1154 483 cancrum,

338 524 368 574 56
382 511 499 593 cingula
521 530 589 573 cum
611 512 732 574 ueheret
755 510 876 591 pelagus
898 510 1003 592 procul
1025 509 1144 572 Orionis

381 625 409 678 et
431 634 499 678 cum
520 613 654 677 caemleo
676 613 812 692 flagraret
833 613 928 675 Sirius
948 623 1036 675 astro.

424 717 480 779 Hic
501 725 546 778 est
567 717 645 790 fons,
666 717 746 777 unde
767 725 797 776 et
817 715 935 777 deduxit
958 723 1090 796 tempora
1112 715 1199 777 lunae

381 820 496 892 nauita,
518 836 608 900 quom
629 817 751 898 longum
774 817 852 880 facili
874 829 937 878 rate
958 825 1090 879 curreret
1111 836 1230 898 aequor,

381 931 411 982 et
433 940 522 1002 quom
545 921 623 982 ruris
644 939 746 982 amans
768 919 865 982 telluri
887 921 964 981 tarra
985 919 1100 1000 parenti

230 1025 308 1099 (1380)
337 1032 365 1082 56
381 1021 528 1082 crederet:
551 1019 664 1098 ingenti
686 1026 767 1099 petat
788 1019 860 1079 haec
880 1017 1018 1096 indagine
1040 1036 1157 1098 semper

382 1141 435 1184 sen
458 1121 508 1202 qui
531 1121 596 1183 uela
618 1119 695 1195 salo,
717 1139 768 1182 seu
792 1119 843 1201 qui
865 1121 915 1181 dat
936 1119 1047 1181 semina
1066 1126 1171 1181 terrae.

382 1243 438 1286 nec
459 1242 541 1285 mora
564 1222 711 1297 discendi,
733 1222 834 1284 breuis
855 1222 903 1284 bic
924 1220 1007 1282 labor
1029 1229 1058 1283 ct
1076 1221 1170 1283 breue
1191 1232 1307 1305 tempus

382 1327 524 1407 poscitur,
546 1325 720 1386 innumeros
740 1324 829 1386 habet
850 1332 947 1386 antem
969 1324 1112 1387 industria
1134 1326 1256 1387 tructus.

383 1429 492 1490 utilitas
513 1437 542 1489 te
559 1436 643 1489 ‘certa
664 1437 779 1502 manet,
803 1444 997 1507 praenoscere
1018 1438 1116 1489 motus

343 1542 373 1592 6)
387 1531 411 1591 si
432 1530 505 1592 libet
526 1530 621 1591 aerios
643 1539 671 1590 et
694 1530 916 1610 tempestatibus
937 1529 1010 1611 ipsis

384 1634 470 1694 odere
492 1632 681 1713 principium.
725 1641 753 1692 te
775 1633 903 1713 primum
925 1640 1033 1712 sponte
1054 1631 1193 1713 procellis

316 1727 318 1730 ’
384 1733 497 1797 arcebis
517 1735 642 1815 rapidis,
664 1743 694 1795 te
715 1752 832 1796 rursum
855 1735 990 1815 principe
1011 1735 1119 1796 ductus
1224 1771 1228 1780 ι

383 1836 521 1899 uitabnnt
542 1836 600 1912 alii,
624 1837 648 1896 si
671 1837 758 1898 certis
780 1836 895 1916 singula
917 1837 1010 1916 signis

384 1948 518 2020 tempora
541 1939 699 2000 discernas.
743 1957 810 2000 nam
832 1940 935 2000 mnndi
959 1939 1078 2001 cardine
1099 1958 1188 2001 uerso

230 2047 310 2121 (1596)
337 2053 366 2103 65
382 2051 415 2103 ut
436 2049 508 2103 stata
530 2039 679 2102 raucisoni
701 2041 778 2102 redit
799 2040 962 2119 indignatio
984 2042 1080 2122 ponti.

383 2162 471 2224 saepe
493 2143 601 2205 etenim
623 2160 801 2224 quamquam
820 2143 996 2224 tranquillae
1018 2144 1114 2206 noctis
1135 2144 1243 2206 amictu

383 2245 464 2306 mitia
485 2244 615 2326 protenti
636 2245 822 2324 requiescant
842 2255 924 2324 terga
945 2247 1095 2328 profundi.

384 2349 488 2408 doctus
509 2365 641 2409 securam
662 2347 801 2409 subducit
822 2347 858 2408 ab
881 2366 1008 2427 aequore
1030 2349 1152 2411 classem

385 2449 484 2510 nauita
507 2457 537 2510 et
558 2457 655 2511 actaea
676 2449 782 2511 retinet
805 2450 932 2512 statione
953 2450 1115 2531 phaselum,

343 2543 371 2612 76
387 2570 453 2612 cum
476 2543 635 2613 matutinae
657 2551 820 2632 praesensit
840 2553 923 2632 signa
945 2551 1101 2633 procellae.

385 2672 512 2733 namque
533 2653 603 2714 alias
626 2653 706 2714 caelo
729 2671 796 2715 cum
818 2654 904 2715 tortia
927 2654 1038 2716 lumina
1060 2653 1197 2717 Phoebus
1286 2716 1288 2720 .

385 2755 505 2828 exserit,
528 2755 577 2816 ille
599 2755 653 2816 sali
675 2755 746 2816 furit
767 2754 950 2836 inplacabilis
970 2757 1087 2830 horror,

385 2858 486 2920 adfore
508 2876 596 2938 quem
618 2857 722 2938 pelago
745 2859 882 2920 comitem
904 2859 958 2921 sibi
981 2859 1093 2922 dixerat
1113 2870 1233 2923 astrum.

386 2959 489 3022 crebro
512 2960 613 3040 quinta
636 2961 743 3022 dehInc
764 2961 815 3022 lux
837 2970 1004 3023 commouet
1024 2962 1230 3043 Amphitriten,

235 3066 315 3139 (1466)
342 3073 369 3123 75
383 3081 471 3144 saepe
493 3063 615 3143 inopina
637 3062 705 3124 mali
727 3061 824 3125 clades
845 3063 914 3124 ruit.
957 3064 1055 3125 omnia
1078 3065 1165 3126 cortis

386 3164 502 3227 indiciis
523 3163 577 3226 tibi
599 3164 671 3227 luna
693 3163 788 3238 dabit,
810 3183 862 3226 seu
883 3164 959 3227 lucis
980 3166 1129 3246 utrimque

386 3285 468 3328 caesa
490 3268 600 3342 facem,
622 3286 675 3328 sen
698 3285 765 3328 cum
786 3276 910 3331 teretem
932 3267 1096 3330 concrescit.
1116 3268 1147 3328 in
1171 3268 1282 3331 orbem.

234 3451 358 3522 mospius
374 3449 456 3505 dohet
477 3449 564 3519 Vliet
586 3449 610 3503 V
627 3448 675 3504 sed
693 3450 729 3518 cli
741 3449 880 3519 primaeua
896 3449 991 3504 Meton
1008 3466 1023 3505 o
1046 3449 1195 3519 primeuam
1211 3456 1259 3506 ton
1284 3450 1379 3520 Vpri·

234 3540 361 3591 menoton
373 3551 388 3589 c
400 3536 410 3604 ll
422 3539 454 3589 49
472 3537 615 3609 torreretc
632 3538 716 3590 torret
737 3535 784 3589 VA
796 3536 806 3603 ΙΙ
819 3540 849 3587 57
871 3535 1021 3589 caeruleos
1039 3536 1163 3591 cnemlea
1179 3535 1205 3590 V
1219 3535 1326 3591 ceruleo
1338 3536 1380 3606 ΑΙΙ

235 3626 266 3675 52
285 3620 330 3676 bic
347 3625 389 3675 est
405 3620 467 3676 lons
484 3621 585 3691 scripsi
600 3619 766 3690 cs..Hcrmcs
782 3617 861 3672 XIII
871 3637 904 3690 p.
914 3621 966 3674 360
983 3623 1054 3674 5541
1072 3621 1124 3676 hoc
1141 3626 1173 3675 ut
1187 3621 1264 3676 fonte
1288 3620 1313 3673 V
1327 3620 1379 3676 hoc

234 3709 263 3760 ct
279 3706 382 3760 iontem
394 3706 418 3760 A
432 3709 441 3772 ΙΙ
452 3707 524 3762 unde
541 3722 556 3760 c
573 3705 663 3759 undae
680 3704 728 3759 VA
740 3706 750 3773 ΙΙ
763 3703 874 3759 deduxit
888 3705 998 3760 Grotitcs
1010 3711 1038 3761 et
1055 3706 1132 3760 duxit
1149 3705 1196 3760 VA
1208 3706 1218 3774 ΙΙ
1248 3710 1280 3759 53
1298 3722 1379 3775 quom

233 3792 333 3862 scripsi
351 3806 403 3859 quo
428 3791 475 3847 VA
492 3793 502 3862 ΙΙ
523 3797 555 3846 54
572 3795 600 3846 et
617 3807 697 3861 quom
713 3790 814 3862 scripsi
830 3790 954 3859 thuore
977 3790 1002 3845 V
1023 3791 1061 3845 Et
1078 3794 1144 3858 quot
1160 3791 1185 3844 A
1201 3792 1328 3859 Aequora
1345 3792 1381 3860 el

192 3925 193 3928 ,
233 3876 337 3932 rurisc
359 3876 428 3930 raris
452 3875 478 3929 V
498 3865 553 3932 aiis
570 3878 595 3931 A
613 3878 622 3945 Η
639 3875 714 3930 farra
738 3874 851 3930 Vieme
866 3877 891 3930 A
908 3878 917 3945 ii
935 3881 968 3932 56
986 3892 1034 3932 seu
1058 3875 1103 3942 qui
1126 3875 1206 3930 dete
1229 3891 1293 3931 seno
1316 3877 1380 3944 quid

234 3966 264 4015 at
287 3960 311 4015 V
334 3976 400 4031 seno
419 3961 529 4029 quidet
548 3965 573 4018 A
591 3963 601 4032 ΙΙ
613 3966 644 4015 57
662 3961 741 4016 hico
763 3961 818 4016 buc
842 3960 912 4016 VAc
929 3963 939 4030 ΙΙ
955 3965 987 4015 59
1004 3955 1182 4030 praenoscere
1206 3960 1231 4014 V
1250 3975 1379 4029 praenos-

234 4060 294 4100 sere
309 4048 334 4100 A
346 4047 356 4116 ii
370 4050 402 4101 62
420 4047 520 4115 rapidis
539 4046 608 4102 VAc
625 4046 727 4102 rabidis
744 4047 782 4114 oli
795 4050 827 4100 63
845 4047 928 4116 signis
945 4048 990 4100 Ac
1005 4044 1075 4112 ignis
1099 4044 1124 4098 V
1134 4045 1144 4113 ΙΙ
1157 4049 1190 4100 68
1207 4059 1325 4113 aequore
1341 4047 1380 4100 Ac

234 4139 353 4197 aequore
376 4130 421 4200 Vn
434 4134 467 4186 69
484 4130 625 4201 phaselum
650 4132 675 4187 V
688 4131 840 4202 phasellum
853 4133 898 4201 Al
912 4136 942 4185 71
962 4129 1058 4184 sliaso
1075 4129 1129 4184 alis
1153 4129 1220 4184 VAe
1231 4131 1241 4198 ΙΙ
1255 4135 1286 4184 m
1304 4147 1380 4186 exse-

234 4214 271 4268 rit
296 4213 420 4270 Venerit
437 4219 461 4271 A
479 4219 489 4285 u
507 4221 539 4271 76
557 4218 691 4285 utrimque
716 4216 872 4284 Vurrnque
888 4218 913 4271 A
930 4218 940 4285 l
960 4220 990 4268 77
1009 4230 1090 4269 cesse
1106 4217 1131 4270 A
1155 4215 1237 4270 Gessa
1261 4215 1305 4285 Vl
1318 4232 1382 4271 con-

235 4299 333 4355 crescit
349 4303 375 4356 A
393 4303 541 4357 concrescit
564 4301 589 4356 V

286 4404 367 4447 Anioni
380 4386 521 4456 Prognostica
534 4405 567 4446 ed.
580 4405 679 4459 Breysig.
1159 4406 1174 4455 2
