3326 4924
728 258 926 318 ..v-

251 445 501 509 Vindobonensis.
540 463 608 508 nam
631 443 766 505 Gudiano
796 443 846 505 illo
871 443 949 506 libro
972 442 1286 522 Guelferbytanorum,
1316 446 1401 508 cuius

250 548 339 616 antea
360 548 542 610 mentionem
559 545 626 619 ieci,
647 555 767 624 praeter
789 546 1015 626 inscriptionem
1037 554 1067 606 et
1080 545 1216 607 lemmata
1238 548 1312 610 nihil
1327 569 1401 613 con-

251 651 374 725 tinetur,
397 668 454 730 qua
477 648 514 709 de
535 667 568 708 re
590 648 649 709 dixi
670 648 701 709 in
724 647 852 709 llermae
874 646 1027 709 uolumine
1047 645 1087 706 XI
1109 666 1138 726 p.
1162 649 1221 711 251
1246 667 1311 730 sqq.

231 776 233 781 ·
338 753 396 814 Sed
424 749 695 836 illorum'duorum
725 749 860 810 codicum
894 749 1044 828 antiquior
1076 757 1122 810 est
1149 748 1400 833 VindobonensiS,
1429 743 1453 804 V

248 849 517 926 ‘membranaceus
539 851 650 914 saeculi
669 850 707 925 X,
729 851 869 912 foliorum
891 851 947 924 22,
973 850 1005 910 in
1028 849 1098 911 folio
1121 870 1138 911 a
1159 851 1285 916 diuersis
1306 859 1402 920 mani·

149 1011 150 1015 ,
251 957 309 1019 bus
330 957 408 1018 binis
430 954 576 1016 columnis
598 943 745 1016 exaratus’
771 953 821 1030 (01.
844 951 1020 1025 Endlioher,
1048 953 1170 1031 catalog.
1193 955 1315 1037 philp.
1339 963 1400 1038 54).

253 1060 278 1120 15
292 1060 395 1120 linitur
410 1057 672 1136 Prognosticorum
686 1073 778 1117 uersu
793 1056 865 1118 255.
903 1071 990 1132 quem
1005 1053 1125 1128 librum,
1149 1055 1262 1118 etiamsi
1284 1079 1320 1122 ex
1334 1080 1401 1124 mu-

252 1161 304 1221 tilo
326 1160 460 1240 exemplo
486 1158 653 1237 descriptus
680 1155 943 1235 compluribusque
971 1155 1108 1217 uersibus
1137 1157 1258 1222 orbatus
1284 1162 1337 1237 sit,
1366 1165 1402 1226 ad

253 1263 475 1324 similitudinem
496 1259 646 1340 archetypi
674 1259 799 1338 propius
826 1259 966 1318 accedere
988 1258 1151 1319 lectionum
1172 1269 1203 1322 et
1223 1267 1403 1340 praestantia

253 1373 283 1426 et
304 1364 465 1442 antiquitas
479 1369 613 1424 testatur.
650 1379 719 1422 nam
735 1361 789 1422 etsi
805 1353 907 1438 negari
923 1378 984 1420 non
1000 1368 1108 1439 potest,
1131 1379 1169 1422 ne
1185 1363 1268 1426 hunc
1283 1367 1402 1445 quidem

251 1465 363 1526 librum
377 1464 492 1526 usitatis
513 1462 703 1524 librariorum
725 1461 878 1523 erroribus
900 1479 1019 1536 carere,
1042 1480 1130 1541 saepe
1152 1464 1250 1526 tamen
1273 1486 1310 1530 ex
1330 1469 1403 1548 ipsis

253 1568 317 1629 eius
338 1566 454 1629 mendis
475 1565 600 1644 uestigia
621 1583 711 1626 uerae
733 1564 869 1626 lectionis
891 1563 976 1624 facile
998 1564 1198 1643 reperiuntur.

338 1669 380 1728 Ac
402 1669 494 1729 codex
516 1667 729 1728 Ambrosianus
750 1666 774 1728 b
797 1667 838 1730 52
860 1666 914 1727 1111.
936 1673 982 1726 051
1005 1683 1188 1746 papyraceus
1208 1669 1318 1730 saeculi
1339 1670 1400 1746 XV,
1429 1670 1454 1732 11

253 1788 342 1850 quem
361 1769 580 1831 accuratissime
595 1769 723 1830 contulit
736 1767 884 1830 Gustauus
898 1767 1015 1842 Loewe,
1036 1767 1085 1828 uir
1106 1768 1293 1832 doctissimus
1314 1780 1403 1851 atquc

252 1871 483 1957 humanissimus
504 1871 553 1949 (ci.
569 1870 670 1932 Herm.
685 1869 736 1931 XV
751 1889 781 1950 p.
800 1868 1041 1948 180sq.utv1p.
1059 1871 1141 1946 136).
1178 1871 1311 1933 eiusdem
1334 1873 1402 1935 libri

252 1974 381 2052 scriptor
396 1982 515 2035 secutus
531 1982 576 2035 est
597 1973 764 2053 exemplum
779 1972 915 2035 mutilum
937 1989 1036 2050 neque
1057 1962 1155 2033 tamen
1178 1972 1265 2047 idem,
1288 1993 1325 2036 ex
1342 1994 1403 2055 quo

252 2074 420 2155 descriptus
442 2083 507 2136 erat
528 2075 784 2147 Vindobonensis,
812 2074 865 2135 sed
891 2072 1166 2135 multo'recentius.
1211 2093 1280 2136 nam
1302 2077 1404 2155 quales

247 2155 398 2238 'lectiones
419 2185 490 2237 sunt
504 2175 634 2256 luppiter
654 2194 740 2237 50000
760 2176 850 2256 adque
866 2184 1024 2236 amuranus
1044 2179 1178 2255 genetrice
1194 2195 1313 2240 01110105
1333 2178 1405 2241 baut

253 2281 379 2353 00111101,
401 2277 474 2339 10105
496 2278 627 2340 seruauit
647 2276 904 2351 vindobonensis,
929 2294 1055 2356 quarum
1076 2277 1143 2339 loeo
1165 2277 1254 2340 habet
1274 2279 1403 2342 Ambro·
1500 2343 1502 2346 ,

253 2381 355 2464 sianus
377 2378 489 2461 Iupiter
510 2399 609 2442 suecos
634 2389 717 2460 atque
739 2388 912 2441 0001010005
932 2381 1061 2457 genitrice
1080 2378 1217 2442 1101110101
1237 2380 1316 2445 baud
1334 2402 1406 2445 con-

252 2486 341 2544 111101.
385 2481 443 2542 iam
464 2497 532 2543 cum
555 2481 585 2542 in
608 2489 736 2561 utroque
759 2478 1188 2561 001110001Ρ110011.ι1.324,
1212 2487 1285 2560 713,
1310 2489 1402 2560 1013,

255 2587 338 2647 1014
366 2584 476 2662 Progn.
506 2602 535 2644 u.
562 2583 604 2647 84
632 2582 730 2644 desint
762 2589 792 2642 et
824 2598 915 2641 uoces
947 2581 1090 2660 quaedam
1118 2582 1202 2646 uelut
1228 2586 1338 2648 Phaen.
1362 2591 1404 2651 77

253 2684 383 2747 netbrom
414 2687 474 2748 140
490 2685 588 2747 ambos
623 2684 683 2748 178
699 2688 835 2745 iuuentae
863 2681 1053 2757 omittantur,
1081 2671 1215 2748 dubitare
1243 2687 1293 2749 nix
1321 2688 1404 2768 quis·

254 2803 342 2863 quam
364 2786 490 2866 poterit,
520 2787 591 2866 quin
619 2794 746 2865 uterque
766 2782 850 2864 uherg
870 2784 994 2845 eandem
1020 2783 1132 2846 indicet
1152 2787 1316 2867 originem,
1346 2792 1405 2852 nisi

255 2886 335 2966 quod
349 2886 589 2951 vindobonensis
610 2906 647 2950 ex
668 2887 746 2949 libro
767 2886 838 2948 satis
859 2894 978 2948 uetusto
1001 2885 1166 2967 descriptus
1183 2889 1310 2966 uidetur,
1333 2893 1404 2954 Am-

253 2987 413 3049 brosianus
433 2998 533 3051 autem
556 3009 591 3050 ex
613 2988 781 3051 recentiore
796 2987 956 3067 exemplari
971 2987 1102 3050 eiusdem
1121 2991 1241 3068 generis
1262 2994 1404 3057 manauit.

255 3090 335 3168 quod
365 3090 396 3151 in
427 3089 624 3151 Ambrosiano
653 3091 740 3152 etiam
761 3091 872 3151 Phaen.
897 3108 927 3150 u.
951 3090 1048 3163 1300,
1073 3092 1171 3166 1323,
1196 3094 1403 3169 1324,1325‚

253 3192 364 3270 Progn.
393 3209 504 3253 nouem
537 3190 626 3270 primi
654 3210 760 3252 uersus
789 3191 1012 3264 desiderantur,
1046 3210 1153 3255 uersus
1182 3194 1264 3258 1300
1293 3194 1406 3258 librarii

255 3293 441 3374 neglegentia
458 3293 578 3377 uidetur
600 3293 758 3367 excidisse,
787 3303 904 3356 ceteros
924 3301 1040 3367 autem,
1067 3311 1141 3372 quos
1162 3295 1251 3356 modo
1275 3315 1405 3359 comme·

159 3461 161 3468 ,
253 3395 446 3470 rnorauimus,
467 3413 583 3470 001505,
605 3396 739 3474 quamuis
753 3395 879 3474 insignis
894 3413 999 3456 eorum
1014 3403 1090 3456 esset
1104 3395 1283 3473 deformitas,
1306 3416 1406 3460 exem-

254 3497 320 3577 plar
341 3497 496 3576 antiquum
518 3515 580 3557 non
598 3506 696 3576 potest
718 3515 780 3557 non
796 3496 978 3576 praebuisse,
1000 3495 1085 3557 aliter
1105 3498 1139 3573 is,
1163 3499 1214 3577 qui
1235 3499 1406 3562 Ambrosia·

254 3617 328 3660 num
350 3599 491 3673 exarauit,
512 3597 604 3678 spatia
626 3597 766 3659 undecim
782 3597 976 3660 duodecimae
995 3598 1142 3661 linearum
1163 3619 1258 3662 uacua
1279 3620 1315 3663 eo
1337 3601 1405 3662 loco

254 3718 317 3760 non
339 3699 516 3779 reliquisset.
554 3717 652 3778 neque
667 3718 735 3761 raro
750 3700 860 3762 factum
875 3708 930 3774 est,
951 3708 984 3760 ut
998 3699 1136 3763 librarius
1154 3702 1202 3762 ille
1219 3700 1286 3764 loeo
1307 3720 1404 3764 uacuo

223 3853 225 3860 ,
254 3801 357 3862 relicto
386 3820 477 3864 uoces
506 3801 647 3881 quasdam
674 3801 832 3864 omitteret.
875 3801 1139 3882 Prognosticorum
1167 3803 1286 3883 quidem
1318 3803 1405 3866 initio

255 3901 402 3964 decimum
424 3912 454 3965 et
475 3911 536 3964 tres
559 3903 586 3964 ei
607 3903 761 3984 proximos
781 3922 888 3967 uersus
909 3903 949 3966 ita
969 3903 1103 3966 tradidit:

458 4004 588 4084 denique
610 4023 678 4068 cum
699 4013 762 4067 toto

459 4105 575 4184 integer

459 4207 575 4270 effluxis

766 4309 848 4387 pleni
871 4328 938 4371 curn
960 4328 1065 4373 rursus
1087 4329 1189 4392 egena.
