3326 4924
672 259 882 323 -15-
1058 271 1075 320 r

298 435 419 498 4004104
440 434 532 494 imum
554 431 590 493 ad
612 441 743 494 montem
765 433 939 496 nebularum
961 447 1076 493 crassus
1097 411 1230 493 amictus

357 538 502 610 tendatur,
525 552 640 596 summo
662 535 811 598 nudentur
829 534 941 596 uertice
962 551 1043 608 sara3

357 646 387 700 et
409 656 467 720 qua
488 644 598 718 pontus
620 636 690 697 item
712 637 784 699 treta
807 655 861 718 per
882 636 1006 697 distenta
1029 633 1163 715 quiescit,

356 739 457 802 nubila
479 739 504 800 si
526 737 616 816 longo
639 757 671 799 se
692 737 916 819 procumbentia
938 744 1032 798 tractu

355 842 539 904 diffundunt:
562 838 642 901 caelo
666 849 694 901 et
715 839 831 902 Thetidi
853 838 997 919 terrisque
1018 837 1134 919 supinis

201 945 283 1024 (1100)
296 955 340 1006 405
354 962 410 1026 pax
431 942 540 1016 aderit,
565 959 709 1022 nusquam
732 941 842 1003 mundo
861 948 928 1002 ruet
949 940 1055 1002 effluns
1076 938 1179 1001 imber.

406 1045 463 1106 Sed
486 1062 554 1105 cum
577 1042 736 1123 tranquillo
758 1042 922 1104 tenduntur
943 1041 1019 1103 clara
1041 1039 1145 1103 serena

355 1148 410 1210 sub
432 1130 519 1220 lone,
542 1153 684 1206 uenturae
706 1162 900 1226 praenoscere
922 1144 1004 1222 signa
1027 1142 1174 1223 procellae

356 1249 497 1312 conuenit
518 1266 560 1308 ae
574 1264 708 1321 rursum,
730 1264 798 1308 oum
820 1246 947 1328 perfurit
967 1245 1043 1308 aeris
1064 1246 1181 1320 horror,

355 1350 484 1433 inspice,
508 1367 595 1429 quam
617 1348 745 1410 referant
766 1349 853 1410 terris
875 1349 1038 1430 pelagoque
1060 1348 1198 1428 quietem.

296 1454 432 1516 44010040
453 1451 548 1532 prima
570 1459 668 1513 tamen
690 1468 814 1532 paruum
836 1469 978 1531 praesepe
1001 1458 1132 1525 notatur,

354 1555 463 1617 arduus
485 1553 599 1615 excelso
622 1539 701 1634 quod
724 1571 829 1614 cancer
851 1553 968 1614 cardine
990 1552 1094 1614 uoluit.

354 1659 427 1730 hoc,
450 1673 517 1716 eum
540 1664 699 1742 concretus
720 1655 834 1716 tenuari
858 1657 989 1735 eoeperit
1009 1673 1069 1729 aer,

354 1757 473 1820 discutit
494 1757 639 1838 inpositae
660 1756 719 1818 late
740 1756 795 1817 sibi
819 1754 904 1816 molis
924 1756 1080 1818 amictum:

355 1876 481 1941 namque
502 1857 654 1920 sereniteri
676 1866 756 1940 patet
776 1858 834 1919 hoe
855 1859 885 1919 in
908 1857 1000 1920 dabra
1021 1857 1167 1940 aquilonis

203 1968 283 2040 (1240)
298 1973 342 2025 440
355 1963 522 2025 comminus
543 1971 574 2022 et
587 1961 692 2042 'primo
715 1970 857 2041 purgatur
878 1959 997 2022 flamine
1018 1961 1100 2023 uenti

353 2074 495 2146 tempore.
538 2073 601 2124 tum
624 2063 778 2144 proprium
800 2061 968 2124 modulatur
989 2074 1096 2126 noctua
1118 2081 1246 2140 carmen,

352 2178 416 2229 tum
437 2165 641 2246 uespertinum
663 2165 766 2227 cornix
788 2165 932 2244 longaeua
953 2165 1085 2240 resultat,

353 2278 415 2330 tum
438 2267 521 2328 corui
544 2267 689 2348 crepitant
711 2275 740 2328 et
761 2275 886 2329 ouantes
907 2275 1025 2346 gutture
1047 2247 1136 2329 reuco

353 2369 468 2450 agmina
490 2368 591 2431 crebra
613 2379 738 2444 uocant,
761 2379 824 2429 tum
847 2376 927 2441 uota
940 2368 1047 2432 cubilia
1068 2369 1136 2431 laeti

294 2483 338 2534 420
352 2472 516 2534 succedunt
537 2471 657 2553 pariter,
678 2479 742 2532 tum
765 2470 865 2551 pinnis
888 2488 1011 2552 corpora
1033 2472 1186 2553 plaudunt.

297 2591 299 2596 ·
403 2572 488 2635 Tune
510 2582 540 2634 et
562 2572 743 2652 Strymoniae
763 2572 1000 2634 circumuolitare
1019 2584 1142 2654 repente

352 2676 496 2757 suspicies
517 2694 571 2756 per
592 2685 692 2755 aperta
714 2693 820 2754 grues,
841 2674 892 2735 ubi
913 2675 1013 2735 mitior
1034 2693 1131 2736 annus

351 2785 458 2859 sponte
479 2766 677 2858 procellosum
700 2776 846 2838 disiecerit
867 2795 935 2838 aera
957 2776 1048 2838 caelo.

350 2888 423 2941 tunc
439 2898 573 2961 quoque,
596 2897 664 2941 eum
679 2878 772 2940 stellis
786 2878 877 2942 hebes
893 2886 936 2940 est
949 2878 1000 2940 lux
1015 2879 1152 2942 omuibus
1166 2879 1245 2943 ultro

199 2983 280 3058 (1400)
294 2991 337 3042 420
353 2980 454 3042 nubila
476 2981 668 3042 0440044404
690 2980 911 3042 circumduxere
933 2989 1056 3057 meatus,

351 3093 385 3144 ut
406 3081 491 3143 iubar
513 3083 683 3144 occulerent
704 3082 1004 3162 flagrantibusobuia
1026 3085 1160 3160 flammis,

352 3201 408 3246 nec
429 3183 522 3262 caligo
545 3184 658 3246 inhibet
679 3183 827 3246 rutilantis
849 3185 1000 3266 lampados
1021 3186 1108 3266 ignis,

200 3321 402 3331 ———

284 3387 334 3438 400
351 3383 410 3439 siue
427 3382 509 3436 imum
529 3381 641 3438 Grotius
657 3382 682 3438 si
698 3382 799 3437 nimum
815 3384 989 3453 ,4414004οι4
1006 3399 1021 3438 4
1038 3384 1138 3439 amictu
1155 3387 1201 3457 ΑΙΙ
1214 3391 1263 3444 403
1280 3406 1343 3459 pro-

201 3466 720 3536 40404041444000401004014444404
738 3468 813 3522 44410
831 3472 859 3522 et
867 3467 1009 3523 ThetidiA
1027 3471 1102 3525 44410
1113 3469 1223 3528 Thetidi
1232 3471 1344 3530 Grotius

200 3552 238 3623 cf.
258 3551 372 3607 Hermes
388 3550 467 3606 XVI
476 3569 507 3624 p.
527 3554 577 3606 134
593 3569 620 3606 n.
638 3553 699 3623 9811
717 3557 766 3607 405
784 3567 840 3621 pax
863 3553 950 3609 oderit
974 3569 1107 3624 nusquam
1123 3573 1139 3611 e
1159 3557 1250 3626 pando
1273 3574 1342 3615 anus

199 3652 279 3707 quam
291 3638 315 3691 A
327 3638 411 3708 110044
428 3653 454 3692 40.
473 3642 523 3692 405
540 3637 640 3692 lineum
656 3653 774 3692 uacuam
792 3636 873 3692 00044
889 3639 935 3707 All
948 3642 997 3694 406
1016 3641 1091 3695 clara
1107 3657 1201 3697 comm.
1219 3641 1343 3698 Berolr'n.

199 3725 290 3776 444444
302 3722 325 3776 Α
338 3723 348 3790 ΙΙ
361 3735 454 3776 serena
471 3739 487 3776 e
503 3737 598 3778 sereno
610 3724 634 3777 A
647 3723 657 3791 11
670 3727 719 3776 401
737 3722 788 3777 sub
801 3721 867 3777 Ioue
883 3728 1014 3779 uenturae
1031 3743 1047 3780 4
1064 3726 1142 3781 subin
1157 3730 1323 3783 uenenturA
1335 3729 1345 3800 ΙΙ

201 3809 249 3861 409
266 3806 385 3860 referant
402 3822 417 3859 e
433 3807 569 3863 refrenent
585 3808 610 3861 A
628 3808 638 3875 ΙΙ
654 3812 704 3860 440
722 3821 838 3876 paruum
855 3824 870 3862 4
886 3823 1000 3878 prauum
1017 3812 1041 3865 A
1057 3811 1067 3881 ΙΙ
1084 3825 1215 3881 praesepe
1232 3829 1248 3868 o
1265 3828 1344 3882 prae·

200 3895 294 3961 spectu
311 3892 355 3945 Ae
367 3891 377 3959 ΙΙ
388 3895 438 3944 442
456 3892 508 3946 hoc
525 3909 541 3946 4
557 3892 609 3946 hae
621 3893 646 3946 A
658 3891 668 3960 ΙΙ
681 3896 730 3946 443
748 3893 827 3948 molis
843 3909 859 3948 0
875 3893 1100 3963 400111414411445
1121 3895 1267 3952 comminus
1284 3915 1343 3953 eor·

198 3978 263 4033 rexi
279 3977 401 4032 cominus
418 3976 527 4032 Grotius
544 3979 611 4034 (lum
628 3978 715 4033 minus
726 3979 751 4032 A
764 3978 774 4048 ΙΙ
785 3984 941 4047 purgatura
957 3983 1108 4050 purgantur
1125 3983 1233 4051 Apum
1250 3983 1343 4039 tumL

199 4078 260 4117 cum
271 4063 317 4128 At
330 4061 469 4131 proprium
484 4063 593 4118 Grotius
610 4063 720 4134 propior
731 4064 756 4116 A
773 4063 883 4132 proprio
895 4063 919 4118 L
932 4064 979 4134 110.
998 4069 1047 4119 418
1066 4082 1116 4121 om.
1132 4069 1156 4122 Α
1168 4069 1178 4137 ΙΙ
1190 4074 1240 4124 448
1258 4063 1345 4124 004οέ

198 4150 241 4202 tes
258 4143 282 4200 0
300 4146 411 4199 ouantia
428 4163 443 4199 e
461 4146 471 4214 tt
489 4151 538 4201 rm
556 4152 614 4201 tum
630 4149 676 4203 44
693 4150 738 4203 uu
754 4149 778 4201 A
792 4148 801 4217 n
813 4152 863 4202 420
881 4149 970 4218 pinnis
987 4151 1012 4204 Α
1029 4153 1125 4219 pennis
1141 4152 1188 4222 Lu
1199 4141 1247 4207 441
1267 4153 1342 4225 Stry-

199 4231 302 4285 monias
320 4228 364 4283 Le
385 4229 538 4297 Snymontc
555 4230 579 4284 A
597 4232 608 4300 ΙΙ
625 4237 674 4286 422
692 4239 787 4303 aperta
804 4233 828 4288 A
845 4234 969 4304 4444011
987 4240 1036 4290 420
1054 4237 1210 4294 occulerent
1226 4239 1343 4308 flagren-
1418 4273 1421 4280 „

200 4314 274 4370 tibus
291 4315 315 4370 A
334 4317 479 4369 occurrent
494 4313 673 4384 fraglantibus
691 4316 799 4386 LtttYl
816 4318 886 4386 ignis
903 4317 927 4372 L
943 4319 1018 4388 ignes
1035 4320 1060 4374 A
