3326 4924
659 239 869 300 ..17-

192 413 270 488 (4766)
284 419 327 471 466
342 408 438 470 induit
459 408 614 470 inmodicis
636 425 703 468 cum
724 414 816 468 semet
837 404 960 467 floribus
982 405 1048 466 ilex.

343 511 441 590 indiga
463 528 531 571 nam
553 509 617 571 suci
638 508 719 588 ligno
743 517 845 570 natura
865 507 974 587 rigenti
994 516 1039 569 est

344 623 372 675 et
394 631 463 674 cum
484 612 558 674 llore
580 628 671 684 nouo,
692 628 760 672 cum
782 609 899 672 brachia
922 609 1027 688 glande
1048 621 1217 689 manantur,

343 714 464 777 unentis
486 713 558 775 caeli
579 713 635 774 sibi
659 711 837 774 nutrimenta
858 710 984 774 latenter

343 824 449 898 sponte
471 825 588 896 operata
611 815 705 877 docet.
749 813 821 894 quin
844 821 873 875 et
893 812 1034 876 lentiscus
1055 831 1151 876 amara

257 983 260 989 ,
286 930 331 981 466
345 918 487 980 indicium
509 926 552 978 est
574 915 693 998 pluuiis.
737 925 781 976 ter
803 917 894 978 letum
918 915 1049 996 concipit
1069 915 1155 979 arbos

344 1029 447 1100 terque
469 1035 565 1080 nouos
586 1017 720 1097 genetrix
741 1017 855 1079 fructus
876 1016 929 1078 alit
949 1016 1072 1097 ipsaque
1094 1018 1174 1079 trino

343 1122 416 1183 llore
437 1121 626 1182 renidesoens
646 1119 702 1180 tria
724 1129 857 1199 tempora
879 1119 979 1200 prodit
1000 1119 1111 1180 arandi.

345 1233 391 1285 ter
411 1221 633 1305 prorumpentis
655 1221 754 1282 scillae
775 1229 852 1282 teres
874 1221 996 1299 erigitur
1007 1221 1072 1282 :ons

344 1324 535 1405 sulcandiqne
556 1323 652 1386 solum
673 1331 718 1384 ter
739 1331 883 1384 monstrat
903 1331 1021 1403 tempus
1042 1324 1152 1386 adesse.

192 1431 271 1509 (4766)
284 1439 328 1490 465
396 1427 446 1488 Sic
468 1435 497 1488 et
517 1425 696 1488 crabronum
717 1443 804 1487 rauca
826 1425 944 1504 agmina
966 1425 990 1486 si
1012 1425 1136 1488 uolitare

343 1531 403 1592 fine
424 1528 479 1592 sub
500 1527 845 1608 autumni'oonspeseris
866 1528 984 1590 aethere
1004 1527 1106 1607 longo,

344 1631 401 1693 iam
422 1630 611 1712 uespertinus
632 1631 728 1711 primo
750 1647 818 1691 cum
840 1637 1010 1690 commouet
1030 1637 1114 1692 ortus

343 1733 481 1812 uergilias
502 1732 617 1813 pelago,
640 1733 720 1793 dices
742 1731 851 1792 instare
873 1730 1026 1810 procellas.

343 1833 428 1913 sique
449 1851 517 1894 sues
537 1833 649 1907 lentae,
671 1831 697 1892 si
718 1831 802 1893 lanae
823 1831 924 1892 sedula
946 1831 1055 1906 nutrix,
1147 1869 1156 1892 .

285 1945 329 1996 476
343 1935 369 1996 si
391 1953 477 2015 capra
500 1934 631 1996 dumosis
653 1920 755 1997 errans
775 1934 807 1994 in
830 1933 953 1994 saltibus
974 1933 1052 1995 ultro

344 2037 375 2098 in
397 2036 542 2098 Venerem
562 2044 681 2118 pergat,
704 2036 815 2116 quippe
838 2034 904 2097 ollis
925 2035 1034 2098 uuidus
1055 2055 1105 2098 aer

345 2139 450 2200 excitat
470 2139 620 2200 internum
642 2157 697 2218 per
719 2139 832 2200 uiscera
853 2145 934 2199 mota
954 2138 1100 2199 furorem:

343 2250 373 2302 et
395 2248 583 2322 tempestates
605 2249 635 2301 et
656 2239 757 2302 nubila
778 2239 917 2321 protinus
938 2247 1001 2301 atra

341 2342 441 2404 adlore
462 2341 635 2423 praecipies.
679 2342 751 2422 quin
774 2353 803 2404 et
824 2340 962 2420 gaudebit
984 2350 1081 2402 arator

191 2445 270 2522 (1666)
286 2453 329 2504 476
344 2443 454 2524 quique
475 2443 572 2506 solum
593 2443 677 2505 iustis
699 2443 829 2505 uersabit
848 2443 1001 2505 mensibus
1021 2444 1103 2518 anni,

343 2535 433 2626 plebe
452 2564 558 2626 gruum
580 2547 691 2625 prima,
715 2545 853 2624 gaudebit
874 2545 975 2609 tardus
995 2554 1093 2606 arator

343 2648 460 2726 agmine
481 2648 649 2728 pigrorum:
672 2648 715 2710 sio
736 2647 861 2728 quadam
883 2647 948 2726 lege
970 2648 1091 2716 deorum

344 2749 391 2811 his
412 2768 512 2812 comes
534 2759 577 2812 est
599 2750 702 2812 imber.
745 2750 874 2829 pecudes
894 2749 920 2810 si
942 2749 1070 2830 denique
1090 2757 1197 2811 terram

345 2850 493 2931 lanigerae
515 2852 642 2926 fodiant,
664 2859 753 2934 caput
774 2860 803 2914 at
824 2851 961 2913 tendatur
982 2851 1013 2912 in
1036 2860 1150 2926 arcton,

286 2962 331 3014 466
345 2971 412 3014 cum
436 2953 569 3015 madidus
586 2958 719 3034 primm
739 2972 793 3035 per
814 2971 958 3015 marmora
981 2953 1097 3016 turbida
1119 2955 1219 3016 condit

344 3054 455 3135 pliadas
478 3073 618 3130 occasus,
640 3073 708 3117 cum
731 3054 853 3116 brumae
873 3055 906 3116 in
928 3055 1038 3134 lrigora
1059 3055 1136 3117 cedit

345 3157 468 3236 lrugiler
489 3165 664 3231 autumnus,
686 3168 752 3219 ruet
772 3159 873 3219 aethra
894 3157 1029 3219 concitus
1051 3156 1153 3218 imber.

343 3266 373 3319 at
394 3276 432 3318 ne
454 3259 604 3340 perruptis
625 3268 769 3322 terrarum
791 3260 878 3321 dorsa
899 3259 1012 3321 lacunis

346 3359 492 3422 inlodiant
512 3363 654 3442 pecudes,
677 3361 701 3422 si
723 3370 806 3423 nasto
829 3361 943 3423 uiscera
964 3360 1047 3422 biatu

277 3531 326 3581 466
345 3525 486 3581 inmodicis
504 3543 519 3581 e
535 3525 683 3580 immodicis
700 3525 746 3594 All
759 3530 809 3581 456
828 3525 887 3580 suci
904 3527 1019 3581 correxi
1034 3527 1109 3582 succi
1125 3527 1235 3597 441466
1252 3543 1338 3584 6666-

189 3612 226 3666 tis
244 3627 259 3665 e
275 3611 404 3664 buuentis
422 3611 467 3680 Al
481 3615 531 3665 466
549 3614 592 3664 ter
607 3608 693 3664 fetum
711 3609 823 3675 (foetum
841 3617 865 3675 e)
884 3626 899 3664 6
922 3613 994 3680 terre
1012 3626 1073 3665 cnm
1090 3612 1196 3680 Ausci
1216 3613 1338 3680 genetrirr

190 3697 305 3751 correxi
320 3695 470 3764 genitrixA
483 3697 493 3766 ΙΙ
505 3695 576 3751 trino
594 3713 609 3750 6
626 3695 713 3750 trinos
725 3696 750 3748 A
761 3695 771 3765 ΙΙ
784 3699 834 3750 tor
853 3695 1024 3752 renidescens
1041 3714 1057 3751 6
1073 3697 1211 3752 reniscunt
1227 3697 1252 3750 A
1264 3704 1275 3760 4
1287 3702 1337 3754 463

190 3784 262 3836 teres
281 3797 296 3836 6
313 3785 390 3835 tener
407 3782 516 3848 411466
534 3781 648 3836 uolitere
665 3797 681 3834 e
697 3780 828 3836 nolitasse
844 3782 891 3850 ΑΙΙ
904 3785 954 3836 466
972 3782 1094 3837 autumni
1112 3797 1127 3836 6
1143 3783 1281 3838 auctumni
1291 3784 1337 3852 Al

190 3870 241 3920 469
258 3866 282 3921 si
297 3865 402 3921 166666
418 3865 571 3935 syllanseA
583 3867 653 3936 11471
672 3865 796 3922 nuiduse
813 3867 965 3922 huuidnsA
976 3869 986 3936 11
999 3871 1049 3921 474
1066 3865 1162 3921 adfore
1173 3883 1189 3920 6
1199 3866 1338 3939 6446664411

189 3951 340 4022 praecipies
357 3967 374 4006 6
396 3950 529 4020 percipies
546 3953 570 4006 A
593 3951 753 4021 praecipites
771 3969 786 4006 6
804 3951 815 4021 ΙΙ
832 3952 895 4021 quin
913 3956 940 4006 64
957 3969 972 4006 6
989 3950 1036 4021 qui
1052 3964 1103 4007 nec
1119 3951 1165 4021 All
1178 3952 1306 4020 gaudebit
1322 3971 1338 4010 6

189 4027 319 4104 gaudebis
330 4035 355 4089 A
366 4034 376 4105 ΙΙ
390 4039 440 4089 476
457 4035 536 4090 iustis
553 4051 570 4090 6
586 4037 652 4092 iusti
668 4037 714 4090 Ae
727 4036 737 4107 l
748 4041 797 4092 477
817 4037 856 4092 sic
868 4054 884 4093 6
901 4036 979 4092 siAe
991 4037 1002 4106 ll
1013 4036 1124 4092 deornm
1140 4053 1156 4092 6
1173 4036 1283 4091 dearum
1296 4036 1339 4108 Al

190 4123 239 4174 476
257 4124 357 4172 terram
374 4137 389 4174 6
406 4121 513 4174 terreA
526 4121 535 4188 ΙΙ
548 4124 597 4175 tto
615 4124 645 4176 64
663 4121 772 4177 Grotius
788 4122 868 4178 autA
879 4121 890 4192 ΙΙ
903 4127 997 4176 arcton
1014 4136 1031 4175 6
1048 4123 1174 4176 erenmA
1193 4123 1339 4194 66646664

188 4208 240 4258 too
258 4202 374 4272 primum
391 4203 487 4259 addidi
503 4203 540 4274 cf.
559 4204 675 4259 Hermes
692 4202 770 4260 XVI
783 4222 811 4276 p.
828 4207 878 4260 123
894 4223 922 4261 n.
941 4207 974 4259 72
991 4223 1043 4261 om.
1056 4208 1103 4261 Ae
1115 4208 1125 4275 ΙΙ
1137 4210 1184 4260 467
1205 4206 1309 4276 pliades
1323 4226 1338 4264 6

189 4287 316 4344 Pleiadas
326 4289 350 4342 A
361 4289 371 4358 ΙΙ
385 4293 434 4344 466
452 4293 599 4345 autumnus
616 4307 632 4344 6
648 4293 810 4345 6664666666
821 4292 845 4345 A
857 4291 867 4360 l
880 4295 930 4346 463
948 4294 979 4346 64
995 4305 1030 4346 66
1047 4308 1063 4347 6
1080 4293 1194 4348 AnneA
1210 4292 1255 4346 An
1272 4307 1306 4348 66
1323 4308 1338 4347 6
