3326 4924
298 1552 301 1560 ·
352 1439 482 1574 Rullus
511 1511 616 1576 Festus
643 1512 776 1576 Auienus
804 1531 876 1576 num
898 1513 1072 1578 Arateorum
1099 1523 1215 1597 partem
1242 1525 1414 1596 extremam,

268 1633 344 1694 quae
365 1614 456 1694 uulgo
478 1613 651 1677 inscribitur
668 1614 871 1695 Prognostica,
893 1615 957 1696 ipse
977 1616 1021 1679 sic
1040 1616 1235 1698 inscripserit
1258 1638 1321 1683 non
1343 1621 1415 1685 satis

267 1717 339 1778 mihi
362 1723 487 1779 constat.
530 1734 629 1796 neque
656 1715 736 1778 enim
763 1715 857 1778 ullum
877 1717 957 1781 illius
981 1718 1075 1799 partis
1101 1719 1230 1782 indicem
1251 1721 1341 1785 luisse
1362 1732 1414 1786 aut

266 1817 413 1880 librorum
434 1836 525 1880 manu
547 1819 727 1899 scriptorum
748 1818 941 1898 principisue‚
963 1838 1040 1900 quae
1061 1820 1177 1896 dicitur,
1200 1821 1337 1884 editionis
1355 1821 1414 1882 lide

268 1929 319 1981 aut
340 1919 450 1982 ueteris
470 1919 560 1982 ullius
581 1919 750 2000 scriptoris,
772 1921 853 2000 quod
873 1919 980 1996 sciam,
1000 1920 1170 1985 testimonio
1194 1921 1413 2003 comprobatur.

268 2022 379 2085 etenim
400 2022 431 2084 in
455 2022 556 2084 codice
577 2021 811 2098 vindobonensi,
833 2040 924 2102 quem
944 2023 1052 2087 horum
1071 2025 1248 2087 Arateorum
1269 2023 1414 2086 habemus

268 2123 516 2199 uetustissimum,
544 2123 626 2187 etin
648 2124 743 2206 prima
764 2124 813 2186 illa
835 2125 979 2210 editione,
1007 2143 1083 2206 quae
1103 2126 1172 2188 libri
1197 2143 1286 2188 manu
1309 2125 1414 2205 scripti

267 2217 329 2287 ieie
357 2225 452 2288 instar
478 2233 536 2301 est,
568 2225 779 2289 Phaenomena
806 2226 996 2307 excipiuntur
1023 2227 1226 2307 Prognosticis
1257 2227 1339 2290 nulla
1365 2228 1414 2289 in·

267 2326 431 2407 scriptione
451 2327 621 2404 interiecta;
648 2327 679 2390 in
703 2328 900 2391 Ambrosiano
921 2337 1020 2391 autem
1041 2329 1118 2392 libro
1139 2347 1207 2392 cum
1229 2329 1414 2391 Phaenome-

268 2446 377 2491 norum
404 2429 528 2491 extremi
557 2438 622 2492 tum
651 2429 740 2510 primi
766 2430 1031 2510 Prognosticorum
1063 2448 1169 2494 uersus
1199 2429 1301 2494 omissi
1333 2437 1414 2493 sunt.

267 2529 532 2610 Prognosticorum
559 2549 632 2594 uero
657 2531 899 2614 inscriptionem,
928 2532 959 2594 in
987 2532 1234 2613 quamprimum
1260 2530 1351 2594 incidi
1380 2531 1413 2594 iu

268 2632 399 2695 editione
427 2631 604 2708 bloreliana‚
637 2633 733 2696 editor
764 2633 867 2696 nescio
899 2633 1037 2713 quis-
1064 2635 1122 2697 nisi
1153 2635 1230 2697 iorte
1260 2633 1325 2714 ipse
1356 2633 1415 2696 fuit

268 2733 431 2797 Guilelmus
452 2735 593 2798 llorelius
612 2769 655 2781 -
676 2753 694 2797 a
715 2735 867 2799 Ciceronis
887 2735 1002 2798 Arateis
1022 2736 1059 2797 ad
1072 2735 1180 2797 duicni
1200 2753 1308 2816 poema
1328 2734 1414 2797 uide·

268 2845 318 2896 tur
338 2837 533 2900 transtulisse.
576 2855 611 2900 ac
633 2855 672 2898 ne
693 2837 815 2900 Aratum
842 2837 961 2918 quidem
988 2836 1020 2900 in
1048 2838 1140 2900 altera
1163 2845 1248 2918 parte
1275 2837 1345 2900 libri
1365 2838 1413 2900 sui

269 2937 427 3017 quicquam
449 2939 636 3019 inscripsisse
657 2956 779 3019 unoque
796 2939 1014 3022 Φαινομένων
1035 2939 1134 3002 indice
1155 2957 1243 3002 usum
1258 2957 1323 3002 esse
1338 2958 1414 3002 con·

267 3043 370 3117 stat.*)
405 3041 539 3103 Auienus
560 3040 652 3120 igitur
671 3058 766 3103 unum
787 3040 915 3103 indicem
937 3041 992 3103 toti
1005 3042 1135 3122 poemati
1150 3041 1255 3104 fecisse
1276 3058 1331 3103 suo
1346 3041 1413 3103 iure

268 3141 339 3205 satis
360 3141 472 3205 habuit.
516 3160 615 3223 neque
637 3161 710 3205 uero
732 3141 827 3222 qualis
848 3142 938 3204 index
964 3142 1014 3205 ille
1035 3143 1125 3205 luerit
1148 3161 1205 3222 pro
1228 3149 1310 3204 certo
1332 3143 1412 3203 affir-

267 3263 348 3306 mare
363 3243 441 3318 licet,
462 3253 544 3306 tanta
558 3245 694 3308 codicum
711 3243 909 3325 discrepantia
925 3251 980 3306 est.
1016 3243 1190 3306 inscribitur
1206 3243 1287 3305 enim
1301 3243 1413 3306 Vindo-

267 3343 449 3406 bonensium
470 3345 562 3408 liber:
589 3345 1035 3428 resuscitantibus
1056 3344 1128 3406 iiber
1144 3349 1260 3426 primus
1281 3347 1315 3408 de
1331 3351 1415 3428 posi-

266 3449 344 3509 tione
364 3447 513 3528 syderum
536 3482 577 3494 -
599 3447 772 3510 inscribitur
792 3446 1055 3509 Mediolanensium
1077 3446 1171 3508 codex
1184 3445 1414 3510 Ambrosianus:

268 3546 354 3628 llusfi
374 3546 453 3611 Festi
472 3547 557 3612 Arati
576 3546 660 3612 liber
676 3553 792 3631 wreus
818 3547 852 3610 de
872 3550 1015 3629 positione
1041 3547 1190 3629 syderum,
1218 3548 1312 3610 eidem
1340 3547 1413 3610 sub·

268 3649 411 3728 scriptum
432 3660 491 3713 est:
509 3648 596 3731 Ruspi
609 3648 687 3712 Festi
699 3649 805 3713 Aratio
818 3649 954 3732 suplicii.
969 3647 1074 3732 Incipit
1087 3651 1210 3713 eiusdem
1224 3649 1302 3712 orbis
1316 3659 1411 3738 terrp.

267 3759 298 3810 at
325 3749 400 3811 liber
421 3750 572 3814 Gudianus
596 3752 656 3816 132
684 3769 740 3831 pro
768 3750 964 3832 inscriptione
990 3751 1095 3814 habet:
1122 3751 1195 3832 Rufi
1213 3750 1292 3814 Festi
1310 3751 1416 3812 Avieni

268 3855 330 3914 viri
349 3852 425 3914 cleri
443 3853 529 3916 Arati
549 3853 740 3916 Pbeoomeao.
783 3853 966 3915 editionem
988 3854 1144 3933 princeps.
1173 3852 1258 3915 cuius
1278 3853 1413 3915 testimo·

269 3954 352 4015 nium
375 3953 496 4034 reliquis
517 3956 547 4016 in
570 3956 661 4017 rebus
682 3955 760 4017 haud
780 3956 981 4034 spernendum
1005 3962 1065 4027 est,
1087 3953 1229 4034 sibiipsa
1252 3973 1314 4016 non
1337 3972 1413 4016 con·

269 4064 334 4132 stat,
358 4074 425 4120 nam
446 4063 475 4115 et
489 4055 678 4118 inscribitur:
701 4055 772 4138 Rufi
788 4055 868 4138 Festi
879 4059 1008 4119 euicuii.
1023 4055 1089 4118 Vc.
1101 4059 1182 4118 crati
1193 4055 1413 4146 pbaeoomeuon

357 4223 383 4288 *l
401 4221 460 4290 Quo
477 4221 510 4276 de
527 4235 557 4275 re
574 4221 724 4292 disputarit
740 4222 889 4278 Guilelmus
908 4223 1025 4278 Grauert
1042 4221 1071 4277 in
1088 4221 1174 4278 musei
1190 4221 1315 4280 Rhenuni
1331 4222 1412 4278 iuris·

270 4308 349 4378 prud.
367 4306 463 4378 philol.
481 4311 533 4362 etc.
553 4306 690 4362 uolumine
707 4307 720 4360 I
737 4305 804 4363 iaso.
822 4307 862 4363 IV
878 4323 904 4376 p.
925 4312 974 4362 336
991 4307 1077 4376 pertis
1094 4305 1279 4446 philolppicee.
