3326 4924
740 194 952 254 ..lv-

264 381 354 446 'liber
368 381 472 464 decepit
486 388 516 442 et
529 379 608 442 inira
622 378 711 441 babet
724 379 812 440 baec:
835 378 924 441 RVFI
945 377 1055 441 FESTI
1069 377 1217 441 ARA‘IVS
1238 379 1417 444 EXPLICIT

269 482 410 546 INCIPIT
432 481 600 545 EIVSIIEII
622 479 734 542 ORBIS
757 479 911 542 'IERIIAII
934 478 1066 542 FELIX.
1110 500 1185 562 quae
1206 482 1416 562 inscriptiones

268 585 572 665 subscriptionesque,
594 600 662 644 cum
684 583 881 644 recentiorem
902 591 1027 644 aetatem
1049 583 1173 662 sapiant,
1197 582 1314 645 difficile
1335 585 1416 647 dictu
1475 667 1476 672 ἵ

269 695 315 748 est
337 686 408 766 quid
429 685 495 747 ueri
515 684 652 746 habeant.
692 702 726 745 ac
748 683 856 746 tibrum
876 684 959 745 illum
979 687 1110 765 primm
1131 685 1164 746 de
1181 689 1323 766 positione
1342 687 1416 748 side-

267 806 336 850 rum
357 788 395 849 ad
415 787 570 850 librarium
591 786 719 866 aliquem
741 786 854 847 referre
876 793 1027 847 auctorem
1050 771 1154 861 nemo,
1183 788 1306 866 opinor,
1330 787 1416 849 dubi-

267 886 384 964 tabit.*)
429 890 509 968 quod
530 888 555 951 si
575 886 777 962 concesseris,
803 885 910 966 triplex
930 895 1022 949 restat
1042 887 1211 967 inscriptio:
1238 889 1345 952 Aratus
1366 900 1416 950 aut

267 989 349 1051 Arati
370 988 580 1051 Phaenomena
606 996 658 1049 aut
679 989 759 1050 Arati
781 988 1014 1050 Phaenomenon
1036 987 1172 1066 Iiber.**)
1204 993 1294 1070 ·quod
1317 1002 1416 1054 autem

266 1090 315 1153 his
340 1089 436 1152 tribus
464 1088 710 1170 inscriptionibus
745 1100 791 1152 est
818 1107 993 1165 commune,
1026 1090 1057 1152 id
1084 1099 1164 1153 certe
1190 1111 1226 1154 ex
1254 1095 1414 1174 archetypo

266 1191 426 1254 deductum
440 1192 567 1255 uidetur.
597 1199 741 1271 quantum
755 1192 844 1270 igitur
860 1209 915 1269 ego
930 1191 1102 1254 coniectura
1117 1211 1267 1273 assequor,
1284 1195 1416 1257 Auienus

266 1295 396 1360 indicem
417 1293 492 1356 libro
515 1313 570 1357 suo
591 1294 663 1355 fecit
682 1293 776 1356 Arati.
815 1293 904 1355 huius
924 1302 1023 1355 autem
1044 1293 1125 1356 Arati
1146 1305 1261 1375 partem
1282 1296 1413 1381 alteram,

267 1414 359 1476 quae,
380 1389 421 1457 ¹ut
449 1414 541 1476 supra
569 1396 709 1470 diximus,
737 1395 829 1474 uolgo
857 1394 982 1459 inscribi
1009 1394 1085 1459 solet
1109 1396 1317 1477 Prognostica,
1345 1416 1413 1459 cnm

264 1497 360 1578 spatio
374 1497 579 1559 huiuscemodi
592 1497 910 1560 commentatiunculae
929 1517 1072 1560 concesso
1087 1498 1250 1561 conuenire
1268 1499 1413 1574 uideatur,

264 1608 415 1678 tamquam
441 1599 593 1678 specimen
620 1599 713 1661 totius
740 1599 883 1678 poematis
910 1600 1145 1679 recognoscendi
1174 1602 1231 1662 hoc
1258 1601 1324 1662 Ioco
1346 1619 1412 1662 sum

264 1699 407 1762 editurus.
450 1701 501 1763 sed
524 1708 683 1780 antequam
702 1701 767 1780 ipsa
788 1699 881 1763 uerba
896 1701 1002 1763 Auieni
1026 1702 1119 1762 allero
1137 1703 1281 1778 codicum,
1304 1702 1413 1782 quibus
1509 1759 1511 1764 ,
1572 1787 1576 1796 ,

264 1820 353 1864 nemo
375 1801 471 1864 editor
492 1802 570 1864 illius
590 1820 664 1864 usus
684 1811 743 1879 est,
772 1803 946 1868 auctoritate
973 1821 1112 1883 meaque,
1143 1804 1412 1885 quantulacumque

263 1913 318 1980 est,
340 1922 433 1984 opera
453 1903 618 1979 emendata,
640 1903 770 1984 primum
791 1904 886 1967 dicam
907 1906 944 1967 de
965 1905 1175 1980 instrumento,
1197 1906 1278 1984 quod
1292 1915 1411 1982 uocant,

262 2005 377 2080 critico,
398 2004 506 2066 deinde
528 2005 564 2066 de
587 2005 629 2067 eis
650 2005 734 2083 locis,
757 2005 808 2085 qui
830 2006 1036 2068 emendatione
1057 2023 1146 2086 egere
1166 2005 1317 2069 uidentur.

348 2106 391 2169 Ac
411 2105 542 2186 primum
563 2106 683 2186 quidem
698 2108 769 2170 olins
789 2106 886 2169 tribus
900 2106 984 2169 libris
998 2125 1088 2169 manu
1102 2108 1222 2187 scriptis
1236 2109 1412 2172 Arateorum

262 2207 345 2272 uiros
359 2209 463 2270 doctos
484 2225 555 2268 usos
577 2226 641 2270 esse
656 2208 697 2268 Io.
714 2206 896 2270 Christianus
910 2207 1130 2272 Wernsdortius
1150 2210 1244 2286 (Poet.
1260 2209 1323 2273 Lat.
1337 2212 1410 2272 min.

261 2309 322 2374 V2
344 2329 374 2392 p.
389 2311 464 2387 691)
486 2317 620 2371 testatur.
658 2327 784 2389 quorum
806 2327 901 2370 unum
915 2309 1071 2373 Abrabami
1090 2311 1194 2372 0rtelii
1216 2312 1316 2388 luisse,
1339 2313 1411 2374 alte·

261 2430 330 2474 rum
343 2411 572 2474 Ambrosianum
587 2413 636 2475 uel
650 2410 901 2474 Mediolanensem
917 2430 935 2474 a
949 2412 1071 2476 Nicolao
1084 2409 1206 2476 IIein'sio
1219 2404 1409 2494 ‘allegatum’,

260 2515 381 2576 tertium
409 2514 585 2577 Vossianum
614 2514 651 2576 ab
679 2513 792 2576 Ioanne
821 2513 987 2577 Schradero
1015 2515 1047 2577 in
1076 2515 1156 2576 notis
1183 2514 1334 2576 laudatum
1361 2515 1410 2578 ille

260 2616 332 2678 dicit
353 2615 541 2695 eundemque
561 2615 593 2677 in
616 2614 795 2677 bibliotheca
816 2614 953 2677 Leidensi
975 2615 1100 2694 reperiri
1121 2632 1209 2693 posse
1233 2616 1409 2696 suspicatur.

260 2733 360 2796 neque
381 2733 454 2778 uero
476 2717 537 2778 illic
557 2717 652 2779 Vossii
679 2715 757 2777 liber
783 2715 871 2776 hodie
898 2725 993 2794 extat,
1022 2733 1080 2794 qua
1108 2714 1202 2776 dere
1231 2735 1279 2779 me
1309 2719 1409 2781 docuit

261 2817 425 2880 Guilelmus
446 2817 492 2879 Ilu
513 2817 598 2893 RIeu,
620 2817 670 2878 uir
690 2816 877 2879 doctissimus
896 2825 984 2898 atque
999 2816 1241 2892 humanissimus,
1264 2828 1294 2882 et
1314 2820 1409 2882 codex

260 2919 431 2983 0rtelianus
452 2917 504 2980 ubi
526 2937 609 2981 nunc
633 2918 721 2981 lateat
741 2919 905 2999 ignoratur.
940 2931 970 2980 at
989 2915 1066 2980 liber
1087 2919 1299 2984 Ambrosianus
1319 2922 1408 2984 hodie

260 3040 380 3102 quoque
395 3020 550 3083 llediolani
573 3020 756 3083 adseruatur.
792 3028 911 3099 praeter
932 3019 1014 3082 hunc
1037 3029 1127 3083 notus
1148 3030 1193 3083 est
1214 3041 1293 3084 unus
1315 3022 1408 3084 codex

344 3238 371 3304 *J
388 3237 564 3294 Grammatici
587 3236 659 3292 enim
677 3239 784 3291 ueteres
801 3233 993 3292 Phaenomena
1010 3236 1088 3292 Arati
1110 3237 1140 3292 ln
1162 3240 1219 3293 tres
1242 3241 1406 3308 quattuorue

258 3325 351 3392 partes
368 3321 560 3392 autquinque,
577 3322 602 3377 si
618 3321 698 3377 modo
713 3320 903 3376 Phaenomena
919 3321 991 3376 idem
1008 3325 1072 3376 sunt
1089 3324 1172 3391 etque
1184 3316 1317 3395 Ἀστρικά,
1335 3321 1405 3376 diui-

257 3405 323 3462 dere
343 3406 477 3462 solebant.
511 3407 587 3462 uelut
608 3406 648 3473 ie,
671 3406 718 3477 qni
738 3406 823 3461 uitam
840 3405 920 3461 Arati
940 3406 969 3461 in
986 3404 1080 3462 codice
1097 3406 1250 3462 Matritensi
1269 3410 1407 3461 seruatam

257 3490 376 3560 scripuli,
393 3494 453 3544 ἔστι
471 3487 502 3543 δὲ
517 3492 631 3561 τριχῶς,
652 3491 748 3561 inquil,
766 3495 949 3560 Φαινομένων
965 3485 1050 3544 uiuo&
1066 3495 1255 3563 πραγματεία·
1276 3494 1406 3543 καταστέ-

258 3591 349 3648 ρωσισ,
366 3579 412 3626 καὶ
429 3572 691 3629 asseverandum
708 3579 754 3628 uui
772 3572 974 3643 σννδυνᾶντων,
989 3579 1035 3628 καὶ
1047 3572 1216 3648 προγνώσειε
1227 3569 1273 3625 διὰ
1284 3579 1407 3640 σημείων
1489 3642 1492 3648 ¹

259 3659 305 3726 (ci.
323 3658 415 3714 Buhlii
431 3660 509 3715 Aret.
525 3659 554 3714 11
570 3675 597 3729 p.
615 3664 681 3727 44³,
699 3659 817 3714 Gmuert
833 3660 851 3714 I.
869 3660 887 3714 l.
904 3676 933 3730 p.
951 3663 1001 3714 338
1019 3675 1070 3729 sq,
1090 3660 1231 3726 Angustus
1248 3658 1361 3714 Boeckh
1377 3660 1406 3716 in

258 3760 291 3800 eo
308 3744 415 3806 libello.
439 3758 518 3812 quem
538 3742 623 3799 indici
643 3743 789 3798 lectionum
810 3742 951 3800 uniuersit.
969 3744 1083 3800 IItterer.
1101 3740 1283 3798 Berolinensis
1300 3746 1406 3799 aestate

256 3828 323 3883 anni
334 3827 576 3884 Mncccxxvm
588 3827 736 3898 praemisit,
749 3843 774 3896 p.
788 3833 813 3882 5.
826 3825 880 3892 (m.
893 3842 948 3896 ges.
961 3827 1071 3884 Schrilt.
1083 3827 1123 3883 IV
1133 3843 1160 3895 p.
1174 3829 1246 3895 306);
1260 3825 1282 3881 1.
1294 3825 1364 3897 Frey
1376 3829 1405 3883 in

257 3913 324 3966 noui
341 3913 428 3968 musei
439 3911 564 3968 Rhenani
577 3913 714 3968 uolumine
725 3911 793 3965 XIII
803 3928 830 3981 p.
842 3913 911 3978 134).
946 3915 1027 3981 atque
1044 3911 1079 3967 ob
1097 3911 1157 3966 aliis
1168 3911 1237 3966 liber
1249 3911 1352 3980 primus
1363 3912 1405 3967 In·

255 3995 386 4051 scribitur
396 3993 575 4068 dovpodanto,
588 4011 668 4067 quem
679 3995 783 4052 librarii
793 3995 833 4050 illi
844 3996 1016 4066 interpretati
1030 4000 1094 4050 sunt
1100 3997 1265 4068 positionem
1276 3995 1403 4052 sidenem.

325 4080 367 4146 **)
380 4079 420 4135 Of.
431 4082 465 4135 A.
475 4080 577 4136 Holder
588 4080 661 4151 apud
674 4080 807 4150 Peulyum
818 4080 846 4135 in
855 4079 1078 4151 encyclopeediae
1089 4081 1144 4136 nol.
1154 4081 1167 4134 I
1177 4096 1204 4149 p.
1214 4083 1280 4135 215⁰
1292 4081 1403 4135 alterium

255 4163 395 4233 editionis,
417 4165 463 4234 qni
478 4169 571 4221 utrum
587 4166 708 4222 AuIenus
725 4166 808 4221 Αναιί
823 4163 1034 4221 Phaenomenoe
1051 4165 1116 4221 libri
1138 4181 1174 4220 an
1191 4164 1271 4219 Arati
1287 4163 1403 4220 indicem

255 4249 374 4317 poemati
390 4249 487 4304 fecerit
503 4250 652 4306 addubitat.
