3326 4924
550 911 672 987 RVFI
697 909 851 986 FESTI
875 909 1056 988 AVIENI

732 1063 879 1126 ARATVS

468 1197 530 1252 iude
551 1211 569 1251 e
591 1212 674 1252 uersu
693 1201 758 1253 1326
781 1211 868 1267 usque
889 1196 925 1252 ed
945 1211 1056 1252 uersum
1075 1199 1139 1252 tens

576 1298 624 1368 qui
639 1314 735 1356 uersus
752 1299 835 1367 nugo
851 1298 1038 1355 inscribuntur

674 1431 937 1491 PROGNOSTIOA.

428 1608 536 1670 Nonne
557 1607 655 1682 uides,
677 1607 805 1690 primum
828 1626 897 1670 uum
917 1607 1036 1670 Phoebe
1058 1607 1089 1670 iu
1113 1625 1224 1670 cornua
1247 1608 1341 1688 surgit

387 1711 490 1786 tenuis,
508 1720 537 1772 et
557 1721 683 1790 angusto
704 1709 805 1772 lumen
827 1709 897 1772 inuit
918 1728 969 1772 ure
990 1729 1045 1791 per
1066 1710 1196 1773 aethram

386 1813 546 1875 decedente
567 1812 614 1874 die
636 1811 792 1893 pronoque
813 1811 850 1874 eb
872 1812 989 1874 tremite
1010 1811 1091 1887 solis,

386 1925 504 1997 promat
524 1925 558 1976 ut
579 1914 705 1996 ingressi
726 1913 832 1976 sollers
853 1915 905 1976 tibi
927 1925 1061 1997 tempora
1083 1913 1217 1978 mensis?

234 2018 314 2092 (tutu)
358 2028 514 2098 unumque
535 2017 628 2078 iseum
650 2017 746 2098 quarti
768 2015 886 2079 sibimet
906 2017 1092 2098 profitebitur
1112 2017 1201 2098 ignis,

388 2136 512 2201 corpora
535 2137 602 2181 eum
624 2120 753 2201 primurn
776 2120 957 2201 pertundens
977 2119 1090 2181 lumine
1112 2128 1212 2182 nostra

387 2222 418 2298 in
441 2220 572 2284 subiecta
593 2221 649 2283 suli
671 2231 790 2284 tenuem
811 2222 977 2304 porrexerit
996 2220 1141 2284 umbram.

390 2333 436 2387 nst
458 2324 539 2387 orbis
560 2323 649 2386 medii
671 2324 695 2385 si
718 2323 819 2386 caedat
840 2322 964 2405 Cynthia
985 2327 1119 2400 formam,

388 2435 509 2490 neutros
531 2436 613 2489 ortus
635 2433 798 2506 uetsunque
819 2425 949 2507 plaustra
971 2425 1097 2488 docebit

346 2540 376 2592 10
389 2529 518 2611 denique
540 2546 607 2590 cum
630 2504 692 2590 tute
714 2527 766 2589 dee
791 2528 849 2589 iam
870 2528 1029 2589 surrexerit
1051 2545 1112 2602 ure,

387 2631 502 2712 integer
523 2639 556 2692 ut
576 2630 675 2708 magui
697 2629 882 2711 resplendeat
903 2628 1031 2691 ambitus
1053 2628 1144 2704 orbis,

354 2758 357 2765 ·
388 2734 535 2797 effluxisse
557 2733 612 2795 sihi
635 2732 722 2794 medii
744 2731 802 2794 iam
824 2740 956 2813 tempora
976 2731 1088 2794 mensis

386 2835 561 2898 monstrabit
583 2835 674 2898 melo.
718 2834 799 2916 pleni
821 2853 889 2896 cum
910 2852 1015 2896 rursus
1036 2852 1128 2913 egens

388 2939 449 3000 oris
471 2947 534 3013 eut,
555 2946 637 3000 tnntu
660 2938 823 3017 procedens
843 2936 955 2998 lumine
977 2936 1099 3011 formae,

236 3042 316 3119 (tutu)
345 3050 374 3101 15
388 3040 493 3103 inserit
513 3040 600 3102 aeriis
622 3047 764 3120 quantum
786 3039 839 3100 dea
861 3038 991 3100 nubibus
1013 3039 1100 3119 ignis,

389 3161 453 3204 esse
474 3141 656 3204 senescentis
677 3140 795 3202 sibimet
815 3140 968 3222 dispendis
989 3141 1100 3204 mensis

387 3244 561 3318 insumet,
583 3243 690 3326 quibus
712 3243 743 3304 in
765 3241 847 3305 rutili
868 3243 996 3306 euudnia
1018 3242 1116 3304 fratris

390 3347 475 3409 tertis
496 3348 547 3409 uix
569 3347 680 3408 mundo
703 3356 837 3427 superest
858 3346 916 3407 uia.
960 3363 1027 3408 eum
1049 3345 1148 3407 minus
1169 3353 1267 3407 autem

390 3449 560 3511 umbrarum
584 3448 728 3521 excludit,
751 3456 821 3508 suut
842 3446 916 3508 tales
937 3455 1075 3526 quattuor
1096 3455 1180 3510 ortus

346 3562 375 3614 tu
390 3551 547 3614 marcentis
568 3549 672 3624 lunae,
693 3547 795 3630 quales
816 3548 870 3609 sub
893 3567 995 3610 mense
1016 3559 1120 3611 renate

322 3751 349 3788 u.
370 3738 435 3790 1-9
452 3733 551 3790 omittit
568 3735 593 3788 Α
612 3733 622 3800 ΙΙ
639 3737 656 3787 4
672 3731 787 3800 ingressi
806 3731 917 3788 Grotius
932 3732 1061 3801 ingressis
1085 3731 1109 3785 V
1125 3734 1136 3801 tt
1154 3731 1249 3788 sollers
1271 3737 1383 3788 correxi

236 3821 322 3877 solers
346 3818 420 3890 Vns
438 3822 483 3875 est
498 3820 607 3874 eAstet
630 3817 675 3887 Vt}
688 3815 785 3873 caedet
800 3817 900 3890 scripsi
916 3818 955 3889 cf.
972 3817 1088 3874 Hermes
1104 3815 1180 3872 XVI
1190 3819 1331 3890 p.126n.
1348 3820 1384 3874 83

236 3907 316 3963 cedet
339 3904 413 3976 Vnt
432 3908 579 3961 uetuuusv
601 3907 716 3960 notanus
734 3899 839 3972 Vento
856 3902 907 3958 dee
923 3903 977 3959 iem
998 3902 1145 3958 surrexerit
1161 3918 1208 3959 ure
1231 3903 1254 3957 V
1272 3920 1324 3958 om.
1336 3905 1383 3975 ΑΙΙ

239 3996 268 4046 11
287 3995 319 4046 ut
342 3990 432 4059 magni
453 3987 625 4058 resplendeat
647 3987 765 4046 ambitus
783 3987 856 4043 urbis
880 3987 906 4042 V
920 4005 971 4044 om.
989 3987 1035 4057 ΑΙΙ
1053 3992 1081 4042 12
1099 3985 1238 4044 effluxisse
1260 3989 1285 4043 V
1303 3989 1383 4044 efflu-

235 4076 279 4132 xis
295 4076 341 4145 Au
366 4075 418 4131 sibi
440 4073 522 4129 medii
546 4074 601 4128 ism
623 4080 747 4144 tempore
769 4073 871 4128 mensis
895 4073 921 4129 V
936 4089 988 4128 om.
1004 4072 1050 4141 ΑΙΙ
1071 4078 1101 4128 13
1123 4075 1284 4130 munstrnbit
1307 4076 1384 4131 eaelo

236 4161 343 4232 plenis
365 4159 528 4218 monstrubit
548 4159 624 4216 eaelo
647 4160 734 4229 spleni
757 4158 781 4212 V
792 4166 861 4232 post
877 4157 942 4216 XII
954 4159 1108 4214 litterarum
1128 4161 1246 4233 spatium
1268 4161 1342 4230 pleni
1359 4162 1384 4216 A

237 4246 400 4304 montmarin
412 4245 501 4302 melus
512 4245 586 4315 pleni
597 4263 612 4301 e
625 4246 635 4317 ΙΙ
649 4252 679 4302 15
697 4247 767 4316 ignis
777 4247 879 4318 scripsi
887 4246 963 4316 ignes
981 4241 1041 4300 VAe
1051 4246 1139 4315 ignem
1152 4243 1264 4301 Grotius
1275 4248 1285 4317 ΙΙ
1301 4253 1331 4302 16
1340 4261 1382 4301 se·

236 4332 374 4390 trescentis
398 4331 424 4388 V
439 4345 518 4387 senes
536 4332 623 4387 contis
640 4332 685 4401 At!
701 4337 731 4386 17
750 4331 778 4387 in
794 4332 869 4387 rutili
888 4331 912 4388 V
928 4349 978 4388 osu.
996 4334 1021 4388 A
