3326 4924
749 231 978 291 —XII-

378 416 593 479 Ambrosianus
612 416 692 478 cuim
713 435 743 477 u.
756 417 817 481 280
839 417 911 477 haec
934 415 1157 496 corruptissima
1178 417 1316 496 praehet:
1338 417 1443 481 abcode

291 517 338 580 hic
359 528 388 580 et
410 519 499 580 editio
522 519 676 598 princeps:
705 517 905 590 1666166,
936 536 994 596 qua
1016 517 1144 580 lectione
1166 521 1347 582 constructio
1369 539 1441 582 uer-

291 619 398 681 borum
422 621 567 682 turbatur.

377 721 480 801 Neque
501 721 600 782 minus
621 721 732 782 librarii
747 721 888 782 uidentur
903 739 1025 796 errasse,
1049 738 1117 782 cum
1139 739 1168 780 u.
1187 723 1245 786 371
1264 724 1362 802 potius
1384 743 1440 804 po·

293 833 402 885 nerent
421 833 554 906 repetunt
575 841 664 902 quam
684 831 821 904 repetant.
858 823 938 902 quod
959 823 1031 901 quin
1051 822 1183 884 Auienus
1202 823 1355 904 scripserit
1377 844 1438 888 non

292 925 412 1001 dubito,
438 944 506 987 nam
529 925 753 987 coniunctiuum
774 923 894 985 modum
916 925 967 999 616,
990 924 1040 1003 qui
1062 923 1290 1003 subsequantur,
1313 927 1440 990 coniun-

293 1028 379 1090 ctiuis
401 1027 543 1107 postulari
564 1026 752 1088 manifestum
776 1035 829 1088 est.
899 1041 902 1048 ·

378 1129 459 1191 ldem
474 1129 531 1190 dici
545 1138 643 1208 potest
656 1130 692 1190 de
708 1147 798 1190 uersu
814 1130 887 1190 225.
918 1145 1096 1206 quamquam
1109 1127 1157 1188 hic
1173 1146 1216 1202 ea,
1232 1145 1307 1206 quae
1322 1127 1441 1194 codices
1520 1143 1522 1150 ’

293 1239 323 1291 61
346 1231 429 1310 prior
451 1230 634 1291 Venetorum
662 1229 751 1291 editio
781 1229 940 1289 memoriae
968 1229 1179 1308 prodiderunt,
1206 1229 1244 1290 ita
1272 1240 1440 1309 comparata

292 1341 372 1406 sunt,
395 1341 481 1393 ulex
504 1331 546 1393 eis
563 1332 710 1392 Auienum
732 1332 882 1392 dt'sst'ct'ttttt
896 1329 1049 1409 scripsisse
1071 1331 1239 1406 concludas
1261 1339 1360 1392 tamen
1382 1334 1441 1394 dis·

293 1438 386 1496 iot'cnt
408 1433 539 1495 scribere
560 1432 659 1495 malui.
696 1432 767 1494 illud
790 1432 869 1492 enim
891 1429 1079 1494 librariorum
1100 1432 1256 1494 inuentum
1279 1442 1332 1507 est,
1355 1453 1440 1512 quos,

292 1543 326 1596 ut
341 1535 466 1615 primam
488 1535 628 1616 syllabam
643 1536 852 1614 producerent,
875 1534 1005 1594 dissicere
1018 1533 1150 1595 scribere
1165 1534 1265 1596 solitos
1281 1553 1344 1597 esse
1366 1555 1441 1598 con-

292 1646 351 1699 stat
373 1639 422 1713 (cl.
445 1637 625 1697 Lachmann.
647 1637 683 1697 ad
705 1636 823 1697 Lucret.
846 1633 873 1695 ll
895 1635 977 1708 951).

378 1738 419 1800 116
442 1757 472 1799 6.
494 1741 556 1802 440
580 1738 699 1820 Grotius
721 1727 873 1815 uulgatum
900 1735 1018 1814 linguae
1040 1736 1161 1798 Latinae
1189 1755 1275 1799 usum
1302 1749 1441 1819 spectans

292 1841 421 1922 trepidos
443 1841 551 1920 posuit.
596 1858 694 1919 neque
717 1857 752 1900 eo
781 1838 872 1899 setius
898 1837 1058 1912 hocloco,
1086 1857 1155 1898 cum
1176 1839 1389 1903 Ambrosianus
1411 1851 1442 1902 et

294 1942 383 2003 editio
405 1943 546 2022 princeps
568 1941 694 2022 trepidae
715 1940 885 2020 praebeant,
909 1940 1016 2018 trepide
1037 1939 1227 2001 scribendum
1250 1950 1304 2003 est.

377 2043 439 2104 lam
462 2044 504 2104 nil
525 2044 700 2105 mutandum
720 2054 764 2104 est
786 2061 816 2103 u.
833 2043 904 2114 503,
927 2060 986 2120 quo
1000 2040 1133 2102 Auienus
1155 2045 1225 2103 sicco
1248 2043 1306 2102 iam
1321 2048 1440 2123 mergite

293 2146 407 2206 culmos
429 2145 531 2206 defleri
552 2145 633 2206 dixit.
678 2163 747 2206 nam
767 2144 900 2224 mergitis
914 2160 1018 2204 uocem
1042 2142 1129 2203 etiam
1146 2129 1264 2222 generis
1285 2146 1441 2207 masculini

293 2266 358 2309 esse
380 2255 504 2308 testatur
526 2247 694 2309 Priscianus
716 2246 763 2319 Vl,
783 2249 832 2321 10,
856 2248 895 2308 55
912 2263 942 2324 p.
959 2245 1021 2307 702
1044 2244 1075 2304 P.
1094 2263 1123 2322 p.
1140 2246 1202 2308 210
1224 2246 1333 2320 Horta,
1355 2247 1442 2310 cuius

293 2347 386 2410 uerba
408 2357 488 2410 recte
516 2349 672 2429 explicauit
693 2347 862 2420 Fridericus
888 2345 971 2407 Neue
1000 2346 1031 2407 in
1060 2345 1159 2425 priore
1188 2349 1340 2410 uolumine
1361 2350 1439 2428 libri,

293 2452 344 2530 qui
367 2451 540 2513 inscribitur
561 2450 772 2512 Formenlehre
795 2449 847 2509 der
869 2448 1060 2509 lateinischen
1080 2448 1219 2527 Sprache‚
1241 2469 1270 2528 p.
1294 2452 1355 2515 686
1378 2452 1441 2512 edi-

291 2554 382 2616 tionis
403 2553 521 2633 prioris.

198 2641 200 2646 ⁸
377 2656 479 2734 Neque
501 2670 574 2714 uero
596 2671 625 2713 u.
651 2651 710 2716 180
730 2651 796 2711 Aldi
816 2651 903 2711 lectio
927 2650 1065 2729 captiosa,
1089 2669 1177 2729 quam
1199 2652 1289 2712 ceteri
1311 2652 1440 2716 editores

292 2757 388 2818 secuti
402 2765 481 2828 sunt,
504 2763 647 2832 quantum
663 2753 733 2826 scio,
757 2770 870 2826 omnes,
892 2751 1034 2830 praeferri
1053 2751 1141 2813 dehet
1155 2753 1191 2824 ei,
1215 2772 1303 2832 quam
1317 2755 1440 2834 praebet

292 2859 367 2920 liber
389 2855 638 2918 Vindobonensis.
683 2853 814 2916 Auienus
836 2853 933 2928 enim,
955 2861 1113 2933 postquam
1134 2853 1203 2915 inde
1225 2873 1242 2914 a
1263 2873 1354 2917 uersu
1378 2858 1440 2920 164

293 2959 429 3040 exposuit
451 2977 526 3038 quae
547 2964 758 3035 tempestatum
782 2955 867 3034 signa
889 2963 989 3016 essent
1015 2953 1086 3016 luna
1114 2963 1144 3016 et
1165 2967 1318 3019 crescente
1340 2968 1370 3019 et
1391 2977 1438 3020 se·

293 3069 435 3124 nescentc
457 3069 546 3140 atque
565 3057 705 3138 quamdiu
727 3057 866 3136 quodque
888 3057 1007 3136 signnm
1025 3057 1146 3132 ualeret,
1169 3065 1348 3136 postremam
1370 3073 1438 3133 par-

292 3172 353 3224 tem
375 3163 405 3224 id
428 3173 472 3224 est
494 3171 633 3242 quattuor
648 3167 814 3239 postremos
836 3159 898 3220 dies
920 3161 970 3236 (cl.
985 3179 1015 3221 u.
1033 3162 1072 3223 19
1088 3162 1145 3238 sq.)
1166 3158 1276 3219 mensis
1291 3166 1327 3242 ,61
1349 3174 1437 3235 quam

292 3265 341 3326 illa
356 3265 515 3343 portendat
529 3269 733 3343 tempestatem
748 3280 763 3321 6
778 3261 849 3321 16116
870 3260 1060 3321 decrescente
1075 3259 1234 3339 temperari
1249 3259 1342 3319 docet.
1380 3275 1437 3335 qua

292 3367 324 3428 iu
347 3385 380 3427 16
402 3374 586 3446 postremum
607 3382 742 3426 mensem
764 3363 827 3424 siue
849 3357 908 3446 τὴν
929 3357 1083 3446 τετράδα,
1105 3371 1138 3423 ut
1153 3362 1193 3422 ait
1207 3362 1312 3421 Aratus
1327 3359 1438 3438 Progn.

291 3487 321 3530 u.
345 3472 396 3543 77,
418 3468 458 3528 ita
479 3467 633 3545 significat,
656 3477 690 3528 ut
711 3466 759 3527 illa
781 3473 915 3544 tempora
935 3465 1033 3525 notari
1054 3463 1140 3539 dicat,
1164 3481 1237 3542 quae
1259 3479 1275 3522 a
1298 3460 1367 3522 luna
1385 3461 1438 3523 de-

290 3571 405 3632 minuta
420 3577 572 3631 transeant
588 3569 625 3629 ad
639 3569 728 3629 lunae
744 3568 863 3640 coitum,
886 3585 975 3646 quam
990 3566 1127 3645 astrologi
1143 3563 1325 3626 recentiores
1341 3564 1438 3625 nomi-

292 3680 443 3734 nanerunt
456 3669 707 3743 coniunctionem,
723 3670 771 3730 uel
787 3669 894 3749 potius,
909 3679 942 3730 ut
953 3669 1016 3730 eius
1031 3667 1122 3747 ipsius
1136 3664 1236 3726 uerbis
1250 3673 1326 3740 utar,
1342 3667 1439 3727 donec

291 3775 411 3837 Phoebe
434 3773 553 3834 accedat
572 3772 649 3851 ignis
670 3770 791 3833 luminis
805 3771 939 3850 germani
960 3770 978 3829 i.
996 3789 1020 3830 e.
1036 3768 1115 3830 solis.
1158 3767 1317 3829 accedendi
1339 3774 1438 3828 autem

291 3877 419 3939 uerbum
439 3893 526 3955 saepe
548 3891 673 3958 numero
696 3871 838 3950 coniungi
863 3889 932 3932 oum
954 3888 1024 3933 casu
1049 3868 1206 3932 accusandi
1233 3869 1312 3930 inter
1334 3885 1440 3930 omnes

292 3986 418 4041 constat.
462 3986 529 4057 apte
551 3977 641 4056 igitur
663 3974 810 4036 Auienus:

495 4078 543 4139 illa
566 4077 683 4151 dehinc,
706 4076 802 4137 donec
823 4073 957 4155 germani
978 4072 1099 4136 luminis
1120 4073 1197 4154 ignis

496 4180 616 4242 accedat
638 4177 754 4251 Phoebe,
775 4175 887 4239 mensis
908 4185 1058 4255 postrema
1080 4174 1236 4237 notabunt.

293 4293 324 4346 et
337 4301 408 4345 sane
428 4300 505 4358 eum,
528 4299 597 4343 cum
617 4280 653 4342 de
668 4280 809 4343 uarietate
832 4287 861 4341 et
882 4280 975 4342 sonna
989 4276 1079 4339 lunae
1092 4277 1239 4356 loquatur,
1262 4272 1359 4334 dicere
1382 4289 1436 4332 ne-
