3326 4924
722 210 765 220 —
808 177 882 238 VIII
925 211 966 222 -

273 367 347 438 lius,
377 364 428 443 qui
450 363 556 426 Auieni
583 363 687 424 Aratea
714 382 776 425 una
805 381 873 425 cum
895 364 984 424 Arato
1012 362 1131 424 Parisiis
1159 381 1238 424 anno
1261 363 1419 427 llllLVllll

272 467 402 546 primurn
420 464 518 540 edidit,
534 465 687 544 complura
701 464 889 526 librariorum
903 463 1010 525 menda
1023 463 1148 526 feliciter
1162 465 1288 527 sustulit
1332 466 1418 528 etiam

272 570 366 630 multo
388 567 494 629 melius
518 565 627 627 meruit
648 565 684 626 de
706 567 820 635 Auieno
843 566 1014 644 Ilugeianus
1036 564 1172 640 Grotius,
1202 567 1233 628 in
1261 586 1319 648 quo
1341 569 1417 648 uiro,

273 687 451 750 quamquam
474 687 535 728 non
551 666 690 729 omnibus
705 668 736 728 iu
759 666 850 729 rebus
872 667 898 727 ei
913 666 1053 727 adsentiri
1072 685 1240 745 possumus,
1263 668 1348 730 etiam
1369 669 1418 731 hic

272 783 302 833 et
316 789 440 834 acumen
461 769 574 850 Ingenii
593 777 623 830 et
637 769 791 831 scientiam
807 769 972 830 litterarum
995 777 1032 843 et,
1056 786 1145 846 quam
1166 770 1253 831 hodie
1275 781 1345 833 sunt
1367 772 1418 851 qui

273 891 334 934 non
361 871 446 933 flocci
474 871 637 933 faciendam
660 891 723 933 esse
745 879 865 951 putent,
893 870 1094 950 cognitionem
1116 889 1217 932 rerum
1239 873 1303 934 iure
1325 873 1418 935 admi-

271 993 381 1034 ramur.
425 974 597 1052 pastillum
620 973 671 1052 qui
684 973 789 1034 Aratea
804 971 970 1047 ediderunt,
991 971 1096 1033 Petrus
1110 972 1217 1033 Melian
1240 983 1270 1034 et
1291 974 1418 1038 loannes

271 1076 381 1150 Buhle,
411 1093 500 1155 quam
522 1075 597 1135 male
620 1074 656 1136 de
678 1074 793 1136 Auieno
815 1073 1008 1147 meruissent,
1038 1092 1106 1135 cum
1133 1075 1191 1136 iam
1212 1075 1281 1136 alibi
1303 1076 1417 1152 (Herm.

272 1177 336 1237 XVI
351 1197 380 1257 p.
399 1181 459 1241 135
476 1197 505 1238 ιι.
524 1180 584 1241 100
599 1186 629 1238 et
642 1176 696 1237 llll
711 1195 741 1256 p.
758 1177 818 1242 159
834 1195 863 1237 ιι.
881 1178 933 1250 39)
955 1175 1026 1236 satis
1041 1177 1203 1238 ostendisse
1220 1176 1292 1237 mihi
1307 1179 1417 1253 uidear,

272 1280 329 1340 hoc
351 1280 416 1340 loco
447 1298 597 1361 exponere
620 1279 733 1339 omitto.
777 1296 875 1357 neque
896 1285 994 1337 tamen
1014 1294 1108 1358 pauca
1130 1277 1165 1338 ad
1187 1279 1291 1339 Aratea
1314 1298 1418 1340 emen-

272 1380 367 1442 danda
390 1381 517 1442 contulit
538 1380 665 1442 loannes
689 1379 879 1454 Schraderus,
905 1379 989 1440 cuius
1011 1380 1240 1442 commentarius
1261 1390 1340 1443 extat
1360 1381 1417 1443 Re-

271 1483 360 1544 rolini
382 1483 413 1543 iu
436 1481 614 1544 bibliotheca
635 1482 715 1562 regia
739 1482 810 1556 (MS.
825 1480 903 1543 lliez.
918 1479 951 1540 B.
967 1480 1049 1541 Saul.
1065 1482 1127 1556 94).
1172 1481 1329 1544 Schraderi
1344 1502 1416 1546 uero

272 1585 494 1646 emendationes
516 1602 623 1645 cuma
645 1583 825 1645 coniecturis
853 1583 884 1642 in
908 1582 1011 1642 eodem
1040 1582 1116 1644 libro
1137 1583 1232 1646 aliena
1253 1573 1344 1646 manu
1365 1585 1417 1646 ad·

270 1685 389 1765 scriptis
410 1687 458 1762 (cl.
481 1685 582 1747 llerm.
604 1685 655 1745 XV
676 1704 706 1765 p.
723 1687 784 1750 183
807 1705 837 1746 ιι.
854 1685 904 1759 54)
927 1684 1096 1746 discernere
1118 1686 1283 1764 nequirem,
1304 1687 1343 1747 ita
1365 1686 1416 1747 ad-

271 1788 324 1848 tuli
346 1797 380 1849 ut
402 1788 444 1848 eis
466 1790 703 1849 commentorium
725 1785 824 1865 potios
841 1785 1052 1848 Beroliuensem
1073 1786 1211 1850 adderem
1230 1807 1318 1867 quam
1340 1789 1418 1851 illius

271 1889 328 1951 uiri
350 1871 512 1950 doctissimi
541 1907 661 1950 nomen.
706 1906 803 1966 neque
831 1887 931 1949 minus
960 1887 1074 1949 Auieno
1102 1889 1214 1967 proluit
1235 1890 1363 1952 loannes
1385 1890 1418 1952 C.

271 1981 461 2065 schauhach,
490 1991 574 2051 cuius
598 1991 704 2052 Aratea
731 1989 926 2050 adseruantur
952 1987 983 2048 in
1011 1988 1187 2051 bibliotheca
1215 1991 1420 2054 uniuersitatis

272 2092 428 2153 litterariae
458 2091 621 2171 Lipsiensis
649 2093 699 2170 (cs.
722 2092 889 2153 Germanici
910 2091 1016 2151 Aratea
1037 2110 1066 2170 p.
1082 2091 1208 2167 XXVII).
1251 2092 1285 2165 is,
1313 2111 1419 2172 quam·

271 2211 358 2273 quam
381 2191 526 2254 librorum
550 2193 834 2273 manuscriptorum
854 2211 911 2272 ope
926 2192 1083 2254 destitutus
1098 2204 1168 2269 erat,
1190 2202 1289 2255 tamen
1306 2195 1419 2274 aliquot

270 2295 352 2357 locos
374 2295 517 2375 poematis
533 2295 643 2374 optime
659 2294 827 2356 emendabit
842 2301 930 2372 atque
953 2294 1040 2355 etiam
1056 2294 1167 2374 plures,
1189 2303 1223 2357 ut
1244 2305 1307 2357 erat
1327 2297 1416 2358 homo

270 2415 370 2458 rerum
393 2396 562 2458 caelestium
584 2396 788 2476 peritissimus,
810 2396 896 2457 docte
912 2396 1070 2472 enarrauit,
1092 2406 1134 2473 ut,
1157 2397 1269 2458 sicum
1290 2398 1416 2460 maxime

268 2498 403 2560 uoluerat
430 2500 540 2561 librum
573 2518 659 2562 suum
693 2498 804 2579 publici
839 2497 912 2559 iurIs
946 2498 1079 2573 fecisset,
1113 2499 1208 2561 studia
1238 2498 1416 2561 Arateorum

270 2600 421 2661 Ciceronis
455 2600 622 2662 Germanioi
654 2601 760 2661 Auieni
795 2617 976 2678 magnopere
1009 2599 1149 2661 adiuuare
1185 2608 1272 2678 atque
1307 2618 1417 2680 augere

268 2701 408 2782 potuerit.

354 2801 407 2862 His
429 2802 519 2882 igitur
540 2801 717 2864 adiumentis
743 2820 816 2864 usus
844 2809 1003 2862 extremam
1024 2800 1105 2862 Arati
1126 2810 1241 2881 partem
1267 2802 1306 2864 ita
1329 2804 1417 2880 edidi,

154 2904 159 2924 “
268 2913 302 2965 ut
324 2905 512 2984 grauissImas
536 2912 651 2966 tantum
674 2904 809 2966 codicum
836 2903 980 2965 lectiones
1002 2902 1189 2979 adnotarem,
1219 2923 1288 2966 nam
1315 2907 1416 2985 quales

270 3014 342 3067 sunt
362 3006 476 3086 formae
491 3016 521 3068 et
534 3007 637 3085 forme,
658 3007 752 3068 sidero
769 3015 798 3068 et
812 3006 921 3086 sydera,
945 3006 1054 3068 eoelum
1074 3013 1103 3066 et
1118 3006 1226 3068 coelam
1240 3007 1312 3068 aliae
1327 3008 1416 3070 huius

270 3107 397 3185 generis,
419 3108 492 3170 tales
507 3107 622 3168 adferre
641 3107 735 3182 omisi,
757 3125 854 3187 neque
870 3116 979 3184 tamen,
1001 3108 1052 3169 ubi
1073 3109 1104 3168 in
1125 3116 1231 3170 neutro
1245 3109 1321 3170 libro
1344 3127 1414 3170 uera

269 3209 479 3288 orthographia
501 3217 617 3271 seruata
640 3219 698 3284 est,
721 3228 771 3270 eas
792 3228 841 3271 res
863 3209 1005 3271 adnotare
1027 3210 1152 3289 neglexi
1196 3229 1263 3271 cum
1286 3230 1359 3272 uero
1382 3213 1414 3272 in

268 3309 370 3371 codice
392 3309 616 3373 vindobonensi
644 3310 783 3372 omnibus
809 3311 872 3372 fere
900 3311 973 3373 locis
999 3311 1089 3393 adque
1116 3319 1146 3373 et
1169 3312 1324 3384 sollertem,
1351 3331 1413 3373 non

268 3423 351 3494 etque
372 3421 422 3473 aut
443 3413 573 3475 solertem
594 3414 703 3492 scripta
726 3432 790 3475 esse
805 3413 954 3487 uidissem,
976 3413 1114 3474 omnibus
1129 3413 1202 3475 locis
1224 3414 1265 3474 sic
1280 3413 1414 3494 scriben-

268 3515 338 3574 dum
361 3533 425 3576 esse
451 3523 533 3576 ratus
555 3516 644 3597 adque
672 3523 702 3575 et
727 3515 867 3578 sollertem
888 3515 984 3594 posui.
1027 3524 1115 3594 atque
1138 3533 1240 3576 cruces
1262 3515 1325 3576 illas
1347 3516 1416 3578 libri

268 3614 465 3691 Ambrosiam,
481 3634 606 3696 quarum
621 3617 805 3677 mentionem
819 3616 877 3691 leci
892 3617 922 3677 iu
938 3617 1039 3678 Herm.
1054 3617 1114 3677 uol.
1129 3615 1179 3676 XV
1194 3634 1223 3695 p.
1241 3616 1300 3682 180
1317 3636 1347 3679 ιι.
1363 3621 1414 3694 59,

268 3718 438 3798 specIminis
459 3718 526 3779 loco
548 3736 643 3797 usque
665 3717 701 3778 ad
724 3735 844 3778 uersum
868 3721 928 3782 154
944 3717 1049 3792 addidi,
1071 3726 1174 3796 postea
1195 3717 1312 3780 silentio
1328 3738 1415 3799 prae-

267 3820 343 3880 terii.
387 3819 458 3881 item
481 3828 554 3899 quot
575 3820 739 3880 litterarum
761 3819 887 3899 spatium
910 3838 1038 3882 uacuum
1055 3827 1133 3881 esset
1153 3820 1298 3897 relictum,
1321 3823 1414 3883 inter-

267 3921 336 3982 dum
359 3930 410 3982 aut
431 3921 548 3983 disertis
569 3920 671 3983 uerbis
693 3920 752 3982 dixi
773 3920 856 3982 uelut
877 3922 914 3982 ad
935 3941 964 3983 u.
989 3923 1027 3988 13
1050 3929 1100 3982 aut
1121 3921 1242 3998 litteras,
1265 3942 1341 4003 quae
1362 3943 1415 3986 ex-

267 4021 417 4098 ciderunt,
446 4023 566 4101 punctis
588 4022 752 4102 significaui
775 4023 824 4099 (cs.
847 4023 883 4083 ad
911 4042 940 4084 u.
959 4023 1024 4090 196
1047 4023 1107 4099 al).
1148 4033 1177 4086 at
1203 4025 1297 4086 multo
1319 4025 1415 4088 rarius

266 4122 429 4185 editionum
444 4124 589 4186 lectiones
602 4125 752 4204 adscripsi.
796 4124 847 4186 ubi
869 4133 966 4186 autem
982 4125 1132 4204 uulgatam
1147 4126 1305 4188 lectionem
1326 4145 1413 4208 prae·

264 4223 397 4300 bueram,
420 4225 528 4288 ibidem
548 4225 707 4288 editionem
729 4227 895 4306 principem
918 4227 949 4288 in
975 4237 1089 4309 partem
1111 4227 1225 4290 uocaui.
1269 4227 1321 4289 sed
1342 4228 1414 4290 dum
