3326 4924
678 232 889 295 „19-

360 411 461 486 pastor
482 402 512 483 iel
533 401 676 464 indicium
697 400 836 483 pluuialis
858 399 978 480 trigoris
1000 401 1075 463 edet.

209 506 348 585 (letoleto
364 514 392 568 et
415 506 439 567 si
461 506 629 586 persultans
650 505 726 567 aries
748 503 888 566 lasciuius
907 502 1014 565 herbas

362 609 480 689 adpetat
501 616 552 670 aut
574 624 638 668 sese
659 605 814 669 sustollant
836 604 959 668 saltibus
981 606 1066 668 haedi

361 711 409 773 uel
431 710 456 772 si
478 710 546 788 iuge
568 708 651 787 gregi
673 709 795 790 cupiant
817 709 938 770 haerere
961 726 1017 770 uec
1038 727 1163 790 usquam

362 812 504 875 matribus
525 811 684 873 abscedant
705 820 734 872 et
755 812 781 872 si
803 811 868 873 sine
889 811 949 872 fine
971 812 1119 893 modoque

361 915 468 996 pabula
489 914 636 989 delibant,
661 931 728 975 cum
750 922 828 976 tutas
850 931 957 993 uesper
978 913 1058 974 adire

303 1028 347 1080 525
361 1016 508 1098 conpellat
530 1016 644 1089 caulas,
666 1015 874 1078 monstrabunt
895 1015 995 1077 adlore
1017 1015 1144 1078 nimbos

410 1119 513 1182 Bubus
533 1127 631 1181 arator
652 1119 722 1180 item
746 1118 833 1180 trahit
854 1125 935 1181 atrae
956 1118 1041 1197 signa
1062 1118 1217 1200 procellae,

361 1221 489 1284 lambere
512 1222 536 1284 si
558 1220 658 1300 lingua
681 1221 775 1302 prima
798 1221 852 1282 hos
874 1219 1000 1299 uestigia
1022 1222 1098 1284 lorte

361 1324 468 1387 uiderit
489 1333 539 1386 aut
561 1325 695 1392 dextrum
716 1331 904 1406 prosternere
925 1341 1035 1404 corpus
1056 1323 1088 1384 in
1110 1343 1234 1399 armum,

361 1427 410 1488 uel
431 1427 457 1490 si
479 1426 601 1508 prolixis
622 1444 708 1487 auras
730 1426 891 1506 mugitibus
913 1424 1039 1506 inplent,

210 1532 288 1607 (1850)
303 1539 347 1590 525
360 1547 469 1610 pascua
490 1529 660 1610 linquentes
681 1529 731 1590 uin
753 1546 888 1610 uespere.
931 1528 980 1590 dat
1001 1547 1089 1609 capra
1111 1527 1184 1590 moti

360 1649 478 1693 rursum
500 1631 583 1710 signa
605 1630 683 1712 poli,
706 1648 774 1693 cum
796 1630 892 1711 spinis
913 1629 989 1692 ilicis
1011 1639 1091 1711 atrae

360 1734 452 1795 multa
474 1733 575 1794 inhiat.
620 1733 705 1794 docet
726 1734 799 1794 haec
822 1733 923 1794 eadem
945 1751 995 1794 sus
1017 1733 1136 1795 horrida
1159 1750 1262 1806 meno,

361 1836 485 1914 gurgitis
506 1835 620 1896 inluuie
643 1834 668 1898 si
691 1835 807 1916 saepius
830 1834 1010 1897 inuoluatur.

411 1937 532 1999 Martius
553 1938 617 2018 ipse
639 1937 728 2018 lupus
751 1936 888 1998 uillarum
909 1937 1042 2018 proxima
1065 1936 1207 1999 oberrans

303 2040 567 2120 smadteotansque
588 2039 671 2101 locos
693 2039 848 2101 hominum
869 2039 1039 2120 lectumque
1060 2040 1212 2120 laremque

360 2151 467 2222 sponte
488 2150 593 2223 petens
615 2160 713 2204 crasso
736 2160 916 2220 consurgere
938 2135 1040 2202 nubila
1062 2141 1143 2204 caelo

360 2254 541 2324 praemonet.
585 2243 614 2305 id
636 2243 721 2324 parui
744 2262 812 2306 cum
835 2242 965 2305 stridunt
987 2235 1115 2324 denique
1136 2261 1245 2321 mures,

362 2362 429 2406 cum
451 2345 559 2424 gestire
581 2345 655 2420 solo,
677 2364 745 2407 cum
767 2345 869 2408 ludere
891 2345 966 2407 lorte
987 2346 1136 2421 uidentur,

360 2449 542 2529 portendunt
565 2447 696 2523 tibimet;
719 2449 801 2510 canis
822 2448 852 2510 id
875 2448 1066 2529 praesentiat,
1090 2449 1168 2510 ultro

206 2551 288 2628 113531
303 2559 346 2610 535
360 2550 496 2613 tellurem
519 2550 643 2611 fodiens.
687 2559 786 2612 tamen
809 2551 896 2626 haec,
920 2560 1016 2612 tamen
1040 2551 1138 2612 omnia
1159 2569 1259 2613 rerum

359 2653 459 2714 adfore
481 2652 529 2714 nel
550 2652 647 2733 primo
671 2653 788 2714 nimbos
809 2671 879 2713 mox
900 2652 962 2714 sole
985 2652 1142 2728 docebunt,

359 2756 409 2818 uel
430 2774 498 2838 eum
521 2755 675 2817 curriculis
696 2755 747 2816 lux
768 2755 822 2816 ibit
843 2763 949 2836 coepta
971 2754 1118 2828 secundis,

359 2859 463 2920 tertius
485 2866 535 2921 aut
555 2876 644 2920 uerso
666 2876 734 2920 cum
756 2857 874 2919 uenerit
896 2866 979 2918 ortus
1002 2855 1138 2938 Olympo.

411 2959 476 3020 Non
499 2961 664 3042 spernenda
687 2960 740 3021 tihi
762 2968 833 3021 sunt
853 2958 937 3032 talia,
959 2960 1010 3021 sed
1032 2978 1146 3020 mernor
1168 2957 1220 3021 uni

303 3069 346 3121 543
360 3061 432 3122 adde
454 3060 532 3124 aliam
554 3080 687 3143 semper;
712 3061 737 3122 si
759 3060 845 3123 tertia
867 3061 996 3142 denique
1017 3062 1101 3141 signa

360 3164 555 3242 proueniant,
576 3165 662 3243 firmo
683 3172 845 3225 uenturum
866 3172 987 3245 pectore
1008 3165 1079 3227 lare.

292 3502 341 3551 514
359 3498 387 3554 id
404 3514 420 3553 5
438 3501 466 3553 et
483 3497 508 3551 A
525 3514 575 3553 om.
594 3498 693 3568 511516
711 3498 823 3569 adpetet
841 3496 953 3554 Grotius
969 3498 1074 3568 appetit
1088 3499 1113 3553 A
1125 3499 1135 3571 1
1147 3498 1228 3554 hoedi
1244 3498 1357 3554 correxi

206 3581 288 3636 hoedi
305 3585 329 3637 A
346 3582 407 3638 hedi
425 3583 525 3654 51518
542 3583 724 3640 abscedente
742 3584 890 3639 ascendent
906 3584 932 3639 A
954 3584 1124 3639 abscendant
1140 3583 1240 3654 51513
1258 3598 1357 3654 uesper

206 3666 282 3722 adire
298 3684 315 3723 o
331 3683 446 3737 uespera
463 3668 520 3724 dire
536 3669 577 3722 Ae
589 3669 661 3736 11523
680 3669 818 3739 conpellat
834 3669 948 3726 correaca'
964 3668 1148 3740 compellesA
1165 3668 1359 3742 compellato!

205 3751 300 3807 edlore
316 3769 332 3806 e
349 3752 436 3809 affore
453 3754 617 3826 Annimbos
635 3771 650 3808 e
667 3754 738 3809 555155
754 3755 804 3811 1555
818 3756 865 3825 ,111
883 3759 932 3809 522
950 3756 1042 3824 lingue
1058 3771 1074 3809 5
1090 3755 1208 3823 linguem
1226 3755 1293 3824 Aeli
1306 3759 1356 3810 523

205 3843 254 3891 aut
271 3853 286 3891 e
303 3837 340 3892 ed
356 3839 380 3892 A
398 3838 407 3907 11
431 3838 460 3894 in
477 3855 581 3895 ermum
599 3856 614 3894 e
635 3839 682 3893 ine
702 3839 795 3909 pinum
812 3841 838 3896 A
862 3840 873 3911 11
894 3844 945 3894 521
962 3839 1066 3909 inplent
1087 3854 1158 3894 corr.
1180 3839 1294 3909 implent
1310 3839 1356 3910 Α1

206 3926 256 3976 525
274 3923 359 3991 spinis
377 3938 393 3977 5
410 3923 481 3992 pluis
498 3926 523 3980 A
539 3925 631 3996 pinnis
649 3924 752 3995 511521
771 3941 857 3980 caeno
875 3924 1039 3993 5555555111
1056 3928 1105 3979 528
1123 3923 1227 3979 inluuie
1243 3925 1358 3980 correxi

204 4007 297 4063 illuuie
314 4011 338 4063 A
355 4008 384 4063 in
401 4008 599 4080 1551551523
617 4011 699 4081 lupus
717 4011 825 4066 elusus
843 4012 889 4079 ΑΙ1
904 4016 954 4065 535
972 4009 1167 4080 adlectansque
1184 4010 1299 4065 correxi
1313 4009 1355 4064 el·

204 4092 364 4162 foetensque
381 4093 405 4148 A
422 4093 432 4164 11
451 4099 498 4149 531
517 4101 612 4164 petens
630 4113 646 4152 o
663 4101 761 4165 potens
778 4095 845 4166 Aeli
865 4099 916 4151 534
933 4094 962 4149 id
984 4095 1150 4164 praesentiat
1166 4095 1238 4150 ultro
1255 4095 1357 4168 55551551

205 4178 245 4249 cf.
263 4176 381 4234 Hennes
394 4176 477 4232 XIII
485 4196 517 4251 p.
535 4181 587 4234 362
604 4184 674 4235 5545
691 4181 729 4236 idi
752 4180 840 4235 nentis
861 4180 961 4236 adtritis
979 4182 1003 4235 A
1020 4179 1049 4234 id
1065 4179 1217 4249 praesentire
1232 4180 1305 4236 ultro
1318 4181 1352 4250 el

206 4267 256 4318 536
274 4261 369 4318 adfore
386 4262 756 4334 5Δ11555Α1533151155
773 4264 828 4320 elia
845 4266 910 4336 Aet
924 4270 972 4320 541
990 4271 1103 4335 pectore
1120 4281 1136 4319 e
1152 4268 1249 4335 peccet
1265 4280 1313 4321 ore
1328 4266 1354 4320 A

256 4399 339 4441 Anioni
351 4397 492 4451 honestius
504 4400 538 4444 ed.
553 4401 651 4454 Breysig,
1134 4387 1150 4438 3
