3326 4924
698 200 926 262 ..vn-

240 388 466 454 vindobonensi
486 395 517 448 ιι
537 385 733 448 Ambrosiano
756 386 912 466 discrepet,
935 385 994 446 boc
1009 385 1114 448 Aldina
1136 388 1283 450 cumillis
1305 407 1388 450 com·

239 510 331 555 mune
357 489 463 564 habet,
491 487 572 570 quod
593 488 705 551 Phaon.
731 507 762 551 u.
784 488 847 551 270
869 495 899 547 ιι
920 489 982 552 570
1003 487 1099 551 mutili
1121 497 1193 551 sunt
1219 497 1250 550 et
1273 509 1300 552 u.
1323 491 1385 555 675

240 611 362 658 caesura
383 599 474 666 caret,
495 589 606 653 eisdem
623 598 722 652 autem
736 589 852 652 mendis
867 588 980 651 laborat
993 589 1078 670 prior
1091 589 1180 652 editio
1196 590 1386 653 Venetorum.

238 696 311 759 binc
332 693 470 769 efficitur,
491 701 526 755 ιιι
545 692 663 755 saeculo
685 692 799 754 decimo
822 701 853 754 et
873 691 963 754 fuerit
983 693 1175 773 apographon
1198 691 1255 755 illis
1271 694 1387 755 mendis

239 799 380 861 allectum
394 803 425 858 ιι
444 794 481 856 ab
504 812 539 857 ιο
554 794 620 876 ipso
634 793 730 857 nostri
743 792 813 856 libri
834 793 892 855 orti
904 793 966 856 sint
980 812 1093 856 omnes.
1136 812 1205 857 nam
1227 812 1263 858 ex
1278 813 1313 857 eo
1335 794 1388 856 de·

239 887 384 979 scriptum
405 904 450 960 est
470 896 638 977 exemplum
658 896 732 958 illud
752 895 885 975 plenum,
905 896 942 958 ad
964 897 1044 976 qnod
1065 905 1191 976 utraque
1205 895 1386 959 Venetorum

239 1001 329 1065 editio
351 997 507 1061 referenda
528 1006 590 1075 est;
619 1015 656 1059 cx
677 997 782 1060 eodem
811 997 970 1059 deductum
992 1006 1037 1060 est
1064 998 1190 1060 alterum
1219 998 1387 1078 exemplum

239 1103 329 1184 idque
358 1100 509 1176 mutilum,
541 1100 622 1162 unde
650 1098 710 1160 nati
739 1107 810 1161 sunt
836 1098 1077 1162 vindobonensis
1108 1109 1138 1162 et
1165 1099 1387 1163 Ambrosianus.

241 1213 386 1285 quantum
413 1210 510 1264 autem
538 1199 626 1263 distet
647 1200 860 1263 Ambrosianus
881 1219 898 1262 a
919 1200 1144 1264 vindobonensi
1170 1213 1259 1283 atque
1282 1203 1387 1265 Aldina

239 1307 277 1369 ab
300 1304 429 1368 editione
450 1302 603 1385 principe,
626 1303 743 1377 exeis,
766 1319 841 1382 quae
862 1310 949 1364 antea
971 1302 1171 1384 exposuimus,
1196 1303 1386 1385 intellegitur.

238 1417 270 1470 ιι
291 1425 362 1470 sanc
383 1414 418 1469 ut
438 1405 517 1467 inter
538 1403 695 1484 antiquum
720 1403 791 1466 illud
812 1402 979 1484 exemplum
1000 1405 1137 1467 mutilum
1165 1415 1196 1467 et
1216 1406 1386 1470 Ambrosia-

240 1528 324 1584 num,
345 1509 386 1570 ita
406 1507 486 1568 inter
506 1507 630 1588 plenum
652 1506 802 1586 exemplar
822 1515 853 1568 et
873 1506 1035 1569 editionem
1055 1505 1190 1568 Aldinam
1211 1508 1266 1570 alia
1288 1527 1387 1572 exem·

240 1610 332 1693 plaria
354 1607 507 1688 complura
534 1606 618 1688 quasi
644 1607 752 1686 gradus
778 1607 932 1670 interiecta
953 1608 1045 1670 luisse
1065 1607 1216 1672 uidentur.
1258 1612 1387 1691 proinde

240 1714 298 1776 boc
318 1711 373 1775 tibi
393 1711 473 1790 finge
494 1710 628 1772 schema:
693 1767 695 1770 .

727 1805 902 1945 Archopypon

519 1942 671 2011 exemplum
687 1941 792 1997 mendis
809 1941 971 2010 quibusdam
989 1941 1117 1997 affectum

443 2062 597 2131 exemplum
613 2062 723 2131 plenum
887 2060 1179 2166 eerm

342 2166 426 2223 editio
442 2130 683 2236 prime-ff*
814 2163 1033 2244 deobonensis

563 2299 663 2356 Aldina
979 2299 1184 2357 Ambrosianus,

327 2423 380 2486 llis
401 2423 492 2503 igitur
512 2421 597 2485 libris
617 2421 761 2484 memoria
781 2421 926 2503 poematis
953 2421 990 2482 ad
1012 2429 1144 2483 nostram
1165 2430 1289 2485 aetatem
1317 2441 1389 2502 pro·
1418 2420 1439 2481 L

241 2535 345 2609 pagata
366 2533 425 2600 est,
454 2531 662 2605 praeterquam
688 2523 769 2603 quod
796 2522 884 2604 pauci
905 2539 1010 2584 uersus
1031 2522 1110 2584 illius
1138 2522 1336 2586 inueniuntur
1355 2525 1387 2586 in

201 2689 203 2693 ,
241 2627 410 2693 Germanici
432 2626 534 2689 codice
556 2624 708 2701 Leidensi,
737 2625 789 2706 qui
818 2625 953 2704 signatur
977 2623 1137 2686 Vossianus
1159 2624 1254 2686 Latin.
1278 2625 1313 2697 Q.
1336 2628 1388 2701 79,

242 2751 319 2812 quos
340 2729 504 2791 Guilelmus
525 2728 571 2790 Du
593 2727 683 2802 Rieu,
711 2746 770 2808 qua
790 2736 836 2789 est
855 2725 1038 2788 humanitate
1057 2743 1092 2786 ac
1113 2725 1303 2800 liberalitate,
1327 2729 1389 2789 col-

241 2831 316 2894 latos
337 2849 454 2892 mecum
475 2829 716 2892 communicauit
759 2815 829 2890 sunt
857 2837 955 2890 autem
982 2836 1102 2907 praeter
1127 2845 1232 2890 uersus
1253 2829 1389 2890 Phaeno-

242 2951 411 3007 menorum,
432 2950 509 3011 quos
529 2930 702 2992 enumeraui
723 2929 754 2992 in
770 2930 939 2992 Germanici
952 2929 1068 2992 Arateis
1088 2949 1118 3012 p.
1133 2929 1196 3004 Vll,
1217 2931 1390 3009 Prognosti-

242 3054 347 3098 corum
368 3052 398 3096 u.
414 3034 476 3097 416
491 3033 685 3110 (list-437
699 3033 795 3109 (436),
818 3035 880 3097 444
894 3033 992 3110 (443),
1015 3035 1077 3097 445
1093 3034 1191 3109 (444),
1213 3033 1275 3096 448
1293 3035 1390 3110 (447),

181 3213 184 3222 ,
242 3139 305 3201 545
322 3136 426 3212 (544),
449 3137 511 3197 552
527 3136 627 3211 (551),
650 3135 711 3198 553
728 3137 823 3211 (552).
866 3153 942 3215 quos
962 3133 1081 3214 quidem
1103 3151 1210 3194 uersus
1231 3151 1293 3194 non
1316 3153 1391 3215 neg·

242 3236 386 3318 legendos
411 3254 477 3298 esse
503 3243 651 3298 testantur
675 3254 727 3297 eae
748 3236 907 3311 lectiones,
936 3255 1009 3316 quas
1036 3234 1084 3296 ille
1110 3234 1188 3295 liber
1209 3234 1333 3316 praebet
1354 3239 1389 3298 ad

243 3339 354 3419 Progn.
365 3358 394 3402 u.
407 3341 470 3403 416
485 3343 580 3415 (tum),
596 3338 659 3403 418
675 3341 826 3415 (ouantes),
845 3339 907 3402 429
922 3338 1103 3416 (stellarum),
1118 3337 1180 3401 432
1196 3339 1390 3420 (suspendis).

332 3443 413 3514 Quae
435 3458 504 3502 cum
525 3439 565 3501 ita
586 3439 656 3515 sint,
677 3439 746 3501 libri
766 3438 1006 3501 vindobonensis
1028 3439 1231 3501 auctoritatem
1246 3439 1390 3519 imprimis

243 3544 425 3624 sequendam
440 3560 505 3605 esse
520 3542 570 3604 uix
585 3549 630 3602 est
644 3540 724 3620 quod
738 3541 842 3602 dicam.
879 3540 1105 3603 Ambrosianum
1121 3550 1220 3603 autem
1233 3551 1264 3604 et
1277 3550 1389 3603 utram-

244 3662 303 3725 que
331 3645 491 3706 editionem
511 3644 693 3705 Venetorum
720 3641 852 3705 secundo
880 3643 947 3705 loco
975 3644 1012 3704 ad
1040 3642 1256 3706 emendandum
1283 3660 1389 3722 poema

243 3746 408 3808 adhibenda
429 3764 494 3808 esse
515 3746 659 3808 existimo.

331 3848 374 3910 lle
395 3847 517 3928 reliquis
540 3847 659 3928 quidem
680 3846 860 3910 editionibus
886 3847 957 3910 satis
982 3855 1026 3909 est
1052 3863 1147 3926 pauca
1168 3844 1276 3909 dicere.
1320 3865 1389 3908 nam

244 3970 281 4013 cx
296 3949 339 4012 eis
359 3957 477 4031 praeter
490 3949 681 4011 Marelianam
698 3967 758 4011 una
773 3949 867 4011 Grotii
879 3949 968 4011 editio
982 3949 1068 4010 laude
1081 3947 1171 4027 digna
1186 3955 1240 4010 ιιι.
1285 3966 1390 4012 omnes

244 4061 344 4115 autem
365 4051 498 4130 pendent
518 4052 554 4113 ab
577 4051 697 4128 Aldina,
724 4052 861 4132 uulgatae
881 4051 1016 4113 lectionis
1036 4059 1171 4130 parente.
1214 4049 1313 4129 itaque
1340 4070 1391 4114 eas
1422 4067 1426 4076 ·

244 4153 404 4228 lectiones,
435 4170 509 4231 quae
530 4152 580 4214 uel
601 4154 632 4215 in
655 4153 759 4215 Aldina
780 4152 829 4214 uel
856 4153 887 4214 iu
910 4151 1111 4214 recentiorum
1138 4150 1234 4231 aliqua
1259 4151 1390 4214 editione

244 4253 451 4331 inueniuntur,
472 4274 533 4317 uno
551 4255 637 4335 signo
657 4257 699 4334 (ι)
721 4262 839 4317 notasse
853 4254 924 4316 satis
938 4253 1036 4317 habui.
1073 4262 1103 4315 et
1117 4252 1281 4315 Guilelmus
1296 4254 1394 4315 More·
1422 4277 1440 4316 o
