3326 4924
722 259 934 321 ..νι-

273 437 277 444 '
340 442 443 523 Longe
465 443 582 506 diuersa
596 444 670 507 ratio
686 454 731 508 est
751 445 862 507 codicis
876 443 1125 518 vindobonensis,
1148 443 1199 524 qui
1221 462 1282 505 non
1304 443 1401 505 solnm

255 545 322 620 illis,
345 564 420 625 quos
441 562 531 625 supra
549 547 800 622 enumeramus,
822 554 904 609 caret
925 546 1072 619 uersibus,
1095 547 1147 608 sed
1161 546 1248 607 etiam
1262 545 1402 607 extremis

255 646 458 727 Prognostiois
477 646 547 709 inde
568 664 585 709 a
606 665 697 710 uersu
718 649 780 712 256
803 648 956 729 usquead
977 665 1099 710 uersum
1120 647 1182 711 553
1205 646 1326 709 orbatus
1347 656 1402 709 est

256 768 308 813 eos
328 757 429 811 tamen
457 765 565 811 uersus
591 749 623 812 ui
648 749 773 830 quadam
800 759 831 813 et
851 769 936 826 casu,
966 768 1026 811 non
1053 748 1243 811 librariorum
1268 747 1403 812 socordia

256 850 416 933 deperiisse
436 849 625 912 manifestum
646 860 700 914 est
1305 901 1307 906 .

218 971 235 1015 e
340 951 402 1013 lam
422 969 496 1013 uero
521 951 552 1014 in
575 952 756 1017 membranis
777 954 849 1035 ipsis
870 953 1020 1034 exemplar
1039 952 1127 1028 illud,
1155 951 1236 1031 quod
1257 951 1405 1032 Georgius

256 1054 337 1116 Valla
352 1053 543 1116 Placentinus
557 1053 688 1118 Venetiis
709 1075 788 1119 anno
810 1053 1101 1118 MCCCCLXXXVlll
1123 1053 1328 1115 excudendum
1351 1073 1405 1115 cu·

256 1155 344 1230 rauit,
366 1155 518 1217 numerari
539 1164 646 1234 potest
682 1157 731 1221 ille
752 1159 843 1232 enim,
864 1165 898 1219 ut
913 1156 1047 1219 Maurieii
1062 1155 1181 1235 Hauptii
1203 1154 1304 1218 uerbis
1326 1164 1404 1230 utar,

253 1249 303 1320 ‘ea
331 1275 406 1336 quae
427 1266 515 1319 uetus
542 1257 692 1339 exemplar
719 1260 748 1322 ei
776 1259 968 1341 praebuerat,
996 1257 1066 1320 satis
1091 1258 1229 1320 adcurate
1250 1257 1404 1338 repetiisse

257 1349 389 1424 noetur'
414 1359 465 1436 (cl.
479 1358 580 1421 Herm.
596 1359 633 1421 lV
654 1379 684 1442 p.
699 1361 783 1437 331).
820 1369 884 1422 erat
904 1359 976 1421 illud
991 1361 1112 1440 plenum
1134 1369 1222 1439 atque
1243 1360 1404 1439 integrum.

257 1461 338 1542 quod
360 1479 428 1522 cum
450 1479 468 1521 a
488 1461 595 1524 ceteris
607 1460 691 1524 libris
711 1463 752 1524 ita
766 1463 893 1537 dillerat,
914 1471 949 1524 ut
962 1463 1084 1525 Aratum
1098 1462 1205 1524 Auieni
1223 1460 1403 1523 ineolumem

257 1571 288 1624 et
309 1562 459 1642 integrum
480 1563 661 1639 seruauerit,
688 1573 776 1645 atque
805 1565 916 1627 ideirco
943 1564 1027 1627 alteri
1048 1563 1174 1626 familiae
1195 1562 1331 1625 codicum
1351 1561 1404 1624 ad·

256 1663 449 1727 tribuendum
470 1665 518 1740 sit,
539 1665 570 1727 in
587 1685 622 1728 eo
637 1675 734 1729 tamen
758 1685 827 1729 cum
848 1666 891 1729 eis
905 1665 1064 1741 consentit,
1086 1666 1167 1745 quod
1181 1683 1287 1727 manus
1301 1682 1405 1726 emen·

257 1765 385 1828 datrices
407 1784 468 1828 non
490 1785 610 1846 passum
625 1777 685 1831 est.
693 1766 721 1847 *t

343 1867 397 1930 list
426 1876 524 1931 autem
555 1869 647 1931 altera
673 1868 855 1933 Venetorum
883 1869 988 1945 editio,
1019 1886 1108 1949 quam
1135 1864 1227 1931 aldus
1254 1867 1406 1930 Manutius

257 1988 338 2033 anno
353 1968 604 2044 ucucuxcvlffl
618 1973 743 2050 parauit.
780 1991 815 2034 ea
836 1972 1031 2034 continentur
1045 1988 1150 2032 omnes
1165 1988 1270 2032 uersus
1286 1981 1407 2050 praeter

257 2071 341 2134 ibam
368 2089 481 2146 unum,
511 2074 561 2151 qui
584 2082 629 2135 est
655 2074 686 2135 in
712 2073 790 2136 lle
811 2083 880 2153 post
899 2073 1163 2153 Prognosticornm
1187 2089 1309 2133 uersum
1334 2073 1404 2146 153,

257 2175 295 2238 (10
317 2192 377 2254 quo
399 2173 459 2235 dixi
480 2174 511 2236 in
528 2173 654 2235 Hermae
676 2175 828 2236 uolumine
842 2175 911 2236 Xlll
925 2194 955 2255 p.
971 2175 1032 2238 363
1044 2193 1088 2254 sq.
1125 2174 1213 2251 longe
1235 2191 1309 2234 uero
1327 2171 1405 2234 aliud

257 2276 460 2359 spectaculum
482 2294 584 2338 rerum
603 2275 652 2338 bic
674 2275 750 2338 liber
770 2275 909 2356 praebet:
931 2276 1070 2358 permulti
1084 2275 1273 2338 librariorum
1288 2293 1407 2338 errores

257 2377 377 2454 sublati,
398 2378 558 2460 pleraeque
579 2376 722 2441 lectiones
743 2379 840 2458 primo
862 2387 984 2460 aspectu
1003 2377 1146 2453 blandae,
1170 2378 1258 2439 etiam
1279 2377 1310 2439 in
1333 2377 1407 2440 locis

257 2481 345 2543 foede
360 2480 518 2561 corruptis,
541 2480 706 2542 sententiae
721 2481 886 2556 distinctae,
909 2481 1037 2560 denique
1052 2479 1201 2559 exemplar
1218 2479 1406 2542 utilissimum

259 2591 289 2643 et
311 2600 371 2661 qno
394 2581 445 2661 qui
467 2583 577 2644 cursim
598 2581 703 2663 legunt
728 2583 807 2644 baud
828 2583 891 2644 seio
918 2601 956 2643 an
985 2582 1179 2644 delectentur.
1222 2581 1328 2660 quodsi
1353 2600 1408 2642 na·

259 2693 358 2746 turam
380 2691 410 2744 et
431 2682 638 2745 condicionem
661 2684 748 2745 huius
770 2683 907 2745 editionis
929 2683 1095 2746 accuratius
1116 2681 1312 2762 spectaueris,
1342 2700 1407 2743 eam

259 2784 297 2847 ab
319 2803 372 2858 eo,
395 2783 585 2864 quodmodo
607 2785 831 2864 descripsimus,
853 2804 963 2866 genere
985 2785 1226 2846 membranarum
1247 2783 1333 2845 ualde
1355 2784 1408 2845 ab·

259 2887 384 2949 horrere
405 2885 551 2948 inuenies,
587 2895 658 2948 sunt
679 2887 842 2966 scripturae
856 2887 1010 2966 plurimae,
1034 2905 1106 2966 quas
1128 2905 1144 2947 a
1167 2886 1264 2949 sciolis
1280 2886 1409 2948 librariis

260 2988 440 3068 excogitatas
461 3005 525 3048 esse
545 2996 676 3067 apparot,
699 2988 781 3051 uelut
802 2988 913 3051 Phaen.
934 3010 963 3052 u.
982 2993 997 3052 1
1016 2992 1142 3070 inceptor
1177 2992 1217 3054 80
1233 3001 1310 3052 earet
1348 2991 1405 3052 171

260 3099 342 3152 ortua
369 3091 432 3153 259
449 3092 584 3150 mercatio
600 3089 672 3151 uelis
700 3092 761 3154 402
773 3109 910 3153 oceanum
937 3093 1000 3156 430
1015 3109 1104 3172 oeque
1117 3101 1246 3170 reserpet
1276 3092 1336 3154 447
1349 3109 1409 3151 ou-

260 3196 349 3254 minis
381 3193 442 3254 473
459 3208 549 3253 cornu
590 3194 652 3254 475
667 3196 785 3254 repectit
820 3194 882 3257 666
895 3193 978 3273 socae
1011 3194 1071 3255 721
1088 3196 1206 3272 suscipit
1239 3194 1300 3255 744
1314 3190 1409 3272 fulcit

263 3294 324 3356 776
338 3291 426 3353 multi
447 3291 508 3356 838
535 3295 591 3354 uui
623 3294 704 3356 1025
724 3291 839 3356 Titoueo
876 3296 957 3358 1099
971 3293 1049 3356 nulli
1068 3295 1192 3356 concedit
1208 3294 1316 3374 spalmis
1340 3302 1408 3353 ortu

263 3395 345 3458 1125
357 3392 519 3474 producens
555 3394 742 3476 tritaeque
762 3390 875 3459 obduri¹
906 3397 986 3460 1246
1001 3396 1102 3476 tydeo
1144 3395 1223 3459 1298
1240 3393 1322 3473 Ne'pe
1342 3392 1409 3454 dedi

261 3495 357 3557 uendit
382 3492 491 3571 Progn.
506 3513 537 3555 u.
548 3496 589 3558 25
604 3493 713 3575 iupolcs
748 3501 805 3563 101
823 3501 902 3578 oprt's
932 3501 993 3562 195
1003 3499 1092 3577 furor
1106 3497 1196 3559 illisos
1226 3497 1284 3558 111
1297 3494 1408 3575 iupoles

265 3599 321 3660 141
339 3600 376 3657 sit
405 3597 466 3660 295
475 3597 562 3671 (204)
577 3597 654 3658 ordis
680 3600 741 3662 240
750 3599 836 3677 (239)
851 3611 916 3661 atro
944 3601 1006 3664 344
1016 3601 1101 3678 (343)
1117 3603 1218 3678 inpetis
1246 3598 1408 3675 4991498)

260 3698 351 3760 odom
388 3696 687 3774 534(533)00011000.
731 3719 806 3780 quae
828 3718 896 3761 cum
918 3701 958 3762 ita
980 3701 1050 3774 sint,
1072 3699 1195 3760 Aldinus
1217 3698 1293 3760 liber
1314 3716 1350 3760 ex
1373 3718 1409 3759 eo

261 3799 397 3879 exemplo
426 3798 545 3860 uidetur
571 3798 738 3878 descriptus
766 3821 846 3876 esse,
879 3802 959 3881 quod
991 3801 1075 3863 alteri
1102 3799 1227 3862 familiae
1261 3801 1409 3874 codicum,
1486 3876 1494 3892 χ

261 3918 350 3980 quam
371 3918 462 3979 supra
482 3900 581 3980 tetigi,
610 3900 795 3965 adtribuatur
816 3920 939 3965 necesse
960 3904 1006 3965 sit.
1051 3902 1186 3983 quamuis
1213 3911 1313 3964 autem
1339 3921 1407 3964 cum

331 4065 356 4132 *)
374 4064 442 4120 (lum
458 4065 515 4121 dies
533 4066 604 4122 diem
622 4067 735 4135 doceat,
753 4084 809 4122 non
825 4067 922 4123 mirum
940 4072 989 4136 est,
1008 4068 1080 4138 quod
1098 4070 1132 4125 de
1150 4069 1267 4125 editione
1283 4067 1408 4138 principe

261 4164 335 4205 nune
347 4149 426 4205 aliter
436 4149 526 4205 iudico
539 4156 621 4219 atque
633 4151 704 4207 olim
733 4167 813 4222 quom
830 4153 866 4208 ob
884 4167 942 4208 rem
958 4166 1027 4223 quae
1045 4152 1100 4206 dixi
1116 4153 1145 4208 in
1157 4153 1273 4208 Hermae
1285 4150 1342 4206 nol
1354 4150 1407 4204 XV

261 4239 376 4375 &133⁸
393 4229 462 4374 ‘affl
481 4235 610 4305 diejenige
626 4235 805 4293 Handschrift
821 4265 856 4278 -
873 4236 921 4292 der
943 4237 987 4294 die
1003 4237 1086 4294 editio
1112 4239 1239 4308 princeps
1260 4232 1351 4305 forge,
1373 4249 1409 4289 ea
