3326 4924
680 233 893 294 -XI—

299 433 360 496 lum
382 451 456 496 uero
479 453 554 514 quae
574 435 683 498 Aratus
702 435 740 497 de
761 436 824 497 sole
845 434 931 497 dixit:
950 431 952 436 ’
1063 437 1068 448 '

353 545 397 596 lto
620 531 726 610 πολὺς
747 526 779 598 d'
804 525 861 600 ὅτε
882 534 916 600 οἱ
937 535 1018 621 περὶ
1038 531 1155 612 κύκλος

416 633 488 702 οἷον
508 639 678 724 τηκομένῳ
700 632 882 721 ἐναλίγκιος
904 627 1079 724 abutaurus

416 738 552 820 πρῶτον
574 729 805 824 ἀνερχομένοιο
826 737 884 804 καὶ
906 725 959 823 ἂψ
980 735 1039 804 ἐπὶ
1059 749 1155 822 μεῖον
1176 735 1278 823 ἰ’ῃοιν,

416 833 526 916 εὔδιος
546 861 584 905 κο
604 842 752 928 φέροιτο,

209 959 247 1003 es
267 940 415 1003 Auienum
437 942 477 1003 ita
498 943 624 1006 nemisse
645 943 794 1006 existimo:

416 1052 446 1104 at
466 1043 602 1105 matutini
623 1044 649 1106 si
670 1045 824 1107 Phoebum
846 1043 940 1106 litoris
961 1051 1024 1105 acts

415 1143 556 1206 maiorem
579 1145 666 1207 solito
688 1147 861 1226 produxerit
882 1145 977 1224 adque
998 1161 1054 1225 per
1074 1145 1207 1206 aethram

416 1245 561 1308 marcenti
582 1245 685 1309 similis
706 1246 863 1309 deduxerit
882 1245 1008 1308 extimus
1029 1245 1111 1307 orbis

355 1357 399 1409 280
419 1349 509 1430 adque
530 1347 638 1410 dehinc
659 1348 807 1412 scandens
828 1349 943 1411 minuat
963 1346 1050 1409 iubar
1070 1346 1229 1427 igniferum
1252 1346 1306 1422 sol,

416 1466 492 1528 pura
513 1467 620 1511 serens
640 1450 778 1513 aderunt.

209 1589 300 1670 selber
311 1614 417 1680 richtet,
435 1615 557 1684 begndge
568 1615 614 1669 ich
625 1615 696 1670 mich
710 1616 802 1682 damit,
814 1615 872 1671 sein
883 1614 988 1671 Urtbeil
1000 1613 1068 1670 uber
1076 1613 1140 1690 jene
1151 1612 1357 1684 Bemerkuugen

208 1698 252 1753 als
268 1698 350 1768 vbllig
366 1699 554 1768 unbegrdndet
569 1701 816 1758 aurdckauweisen.

299 1800 344 1854 Ad
360 1800 429 1857 haec
444 1801 491 1856 ille
507 1801 608 1868 eodem,
627 1817 706 1871 quem
724 1818 808 1872 supra
823 1800 951 1866 indicaui,
968 1799 1029 1855 loco
1048 1799 1087 1855 sic
1105 1799 1262 1870 respondit:

652 1917 917 1974 ENTGEGNUNG.

296 2018 413 2075 Hierauf
427 2019 476 2074 bat
493 2019 541 2076 der
558 2019 688 2076 Referent
709 2017 815 2075 einiach
832 2036 868 2074 au
884 2020 1043 2089 bemerken,
1069 2021 1134 2076 dass
1151 2035 1205 2075 nur
1221 2019 1264 2076 die
1286 2021 1362 2076 eine

208 2102 307 2170 Stelle,
331 2121 366 2158 zu
389 2103 506 2159 welches
521 2119 592 2159 neue
609 2104 774 2173 Vorschluge
789 2105 915 2174 gemacht
936 2104 1060 2173 wurden,
1083 2104 1185 2160 Phaon.
1204 2109 1361 2172 tou-272,

210 2204 264 2244 son
280 2188 337 2242 ihm
352 2189 382 2243 iu
393 2188 524 2244 Betracbt
541 2204 657 2259 geaogen
674 2190 781 2246 werden
797 2190 914 2259 konnte3
932 2189 989 2244 und
999 2189 1059 2244 hier
1070 2189 1161 2246 uurde
1177 2191 1243 2246 alles
1257 2191 1361 2248 Geroda

209 2275 280 2329 uber
291 2274 482 2330 verschiedene
492 2273 626 2330 Lesarteu
638 2274 686 2330 des
697 2274 916 2331 vindobonensis
933 2273 1093 2342 uberflussig
1109 2273 1226 2342 forden,
1244 2275 1363 2332 welches·

210 2357 265 2414 den
282 2359 479 2414 Ambrosianus
496 2359 613 2427 kannte,
637 2360 753 2415 welcher
774 2361 803 2415 in
817 2361 900 2429 jenen
917 2373 990 2412 neun
1006 2357 1111 2414 Versen
1127 2373 1164 2412 an
1180 2357 1244 2412 funi
1259 2358 1362 2416 Stellen

211 2442 370 2512 richtigeres
383 2443 424 2498 als
432 2441 481 2497 der
490 2443 706 2500 vindobonensis
715 2445 805 2501 bietet
835 2443 899 2499 Uud
910 2441 991 2497 somit
1001 2441 1087 2498 bleibt
1099 2439 1157 2504 ,die
1167 2442 1363 2514 Besprecbung

209 2532 356 2596 corruptor
373 2527 491 2582 Stellen“
509 2527 546 2580 im
562 2528 682 2582 Avienus
705 2527 775 2584 ohne
791 2526 939 2583 Kenntniss
956 2525 1070 2580 auderet
1085 2524 1298 2582 Hands'chriften
1317 2527 1359 2586 als

207 2610 259 2667 des
275 2610 494 2667 vindobonensis
512 2612 718 2681 ,mangelhaft“.

296 2697 338 2751 Ac
355 2696 470 2766 primum
487 2695 606 2766 quidem,
630 2711 715 2766 quare
731 2696 791 2762 ille,
814 2711 877 2750 cum
894 2709 1033 2750 censorem
1050 2698 1154 2763 ageret,
1177 2709 1263 2749 unum
1279 2696 1356 2750 illum

210 2779 301 2836 locum
318 2796 336 2835 a
354 2795 384 2835 se
400 2780 516 2836 iudicari
533 2795 613 2850 posse
631 2781 739 2847 dixerit,
756 2796 812 2835 non
829 2780 917 2836 uideo.
954 2793 1030 2846 nam,
1048 2793 1118 2846 quae
1135 2779 1273 2835 annalium
1289 2782 1362 2836 Bur·

209 2864 282 2920 siani
298 2865 369 2920 ratio
386 2870 430 2919 est
446 2864 655 2935 (cf.prsei.1p.
671 2870 705 2932 1),
723 2865 851 2936 quicquid
869 2879 917 2934 ego
935 2862 1064 2930 dixeram,
1081 2865 1126 2918 iile
1137 2864 1258 2920 iudicare
1274 2881 1363 2936 neque

209 2950 358 3006 artioribus
382 2965 463 3020 quam
485 2965 536 3020 par
559 2955 618 3005 erat
639 2949 739 3006 finibus
763 2950 891 3006 iudicium
915 2963 995 3003 suum
1020 2947 1240 3005 circumscribere
1258 2951 1360 3006 debuit.

210 3035 285 3106 quod
301 3050 367 3090 uero
386 3034 462 3100 dixit,
481 3035 526 3103 qui
543 3034 641 3090 librum
658 3035 867 3089 Ambrosianum
884 3033 1014 3101 uouisset,
1036 3049 1099 3087 eum
1115 3034 1274 3090 lectionibus
1292 3034 1360 3091 Vin·

211 3120 413 3176 doboncnsibus
442 3119 511 3174 adeo
534 3133 628 3173 carere
652 3119 786 3187 potuisse,
815 3123 846 3172 ut
873 3116 907 3170 de
931 3118 970 3172 eis
997 3117 1087 3173 dicere
1109 3119 1274 3186 neglegeret,
1304 3135 1362 3175 nou

207 3204 269 3260 sine
287 3219 371 3259 causa
386 3203 466 3260 ualde
479 3204 571 3258 miror,
598 3219 660 3258 nam
676 3208 707 3257 ut
719 3218 777 3270 ego,
797 3217 859 3257 cum
873 3202 988 3257 maxime
1004 3202 1064 3257 illas
1078 3203 1217 3258 duodecim
1231 3203 1361 3260 obserua-

211 3289 301 3343 tiones
320 3288 426 3357 scripsi,
445 3287 564 3344 codicem
580 3287 789 3342 Ambrosianum
806 3287 941 3353 nouerim,
960 3292 1049 3343 tanmn
1067 3287 1277 3344 deiectionibus
1294 3290 1362 3344 alte-

211 3373 269 3428 rius
287 3372 389 3428 codicis
407 3373 487 3428 etiam
504 3380 562 3426 tum
579 3371 646 3426 mihi
663 3372 807 3427 dicendum
823 3371 883 3438 duit,
901 3372 1060 3439 praesertim
1078 3388 1139 3426 cum
1152 3389 1179 3428 u.
1192 3377 1242 3427 266
1253 3373 1283 3428 in
1294 3377 1364 3428 Am-

212 3457 340 3513 brosiano
358 3457 444 3512 uerba
456 3456 555 3510 Auiani
572 3455 626 3509 alia
639 3460 769 3525 corrupta
780 3457 872 3510 essent
884 3455 939 3510 alia
957 3455 1129 3511 excidissent.
1159 3472 1241 3525 quam
1258 3459 1362 3513 obrem

210 3557 253 3607 ea,
271 3556 340 3610 quae
358 3541 422 3608 dixi,
440 3558 490 3612 pro
507 3540 582 3594 inani
593 3555 716 3595 sermone
727 3538 852 3593 habenda
868 3555 925 3594 non
936 3544 1008 3596 sunt.
1039 3542 1120 3611 quid?
1141 3541 1212 3612 quod
1224 3547 1361 3610 postremo

210 3641 243 3681 eo
261 3625 376 3681 artificio
394 3642 460 3682 usus
479 3631 528 3691 est,
546 3624 617 3693 quod
635 3641 691 3679 uon
708 3623 743 3678 ad
760 3623 935 3679 refellendum
953 3626 1001 3681 sed
1018 3626 1054 3681 ad
1071 3627 1235 3696 captandum
1252 3627 1363 3694 excogi-

211 3715 298 3766 tatum
316 3725 375 3766 esse
392 3727 470 3767 nemo
488 3726 543 3766 non
564 3709 709 3778 intellegat.
744 3723 807 3762 nam
832 3709 866 3763 de
891 3709 1034 3766 duodecim
1053 3711 1107 3764 illis
1130 3709 1360 3765 adnotatiunculis

211 3795 251 3850 illi
267 3794 441 3850 iudicandum
458 3797 555 3862 subse,
581 3793 641 3861 quis
659 3798 701 3848 est
717 3793 782 3862 quin
799 3793 908 3848 uideat?
943 3795 976 3850 de
992 3796 1044 3850 illis
1061 3795 1158 3864 agitur,
1176 3810 1231 3849 non
1248 3795 1283 3849 de
1301 3800 1360 3852 toto

212 3886 343 3950 poemate,
361 3880 390 3934 in
407 3896 460 3950 quo
477 3879 702 3948 recognoscendo,
721 3894 791 3947 quae
807 3895 880 3934 nunc
891 3880 1053 3936 Arateorum
1070 3883 1113 3935 est
1129 3879 1259 3948 condicio,
1277 3881 1362 3936 libros

211 3981 294 4020 manu
311 3968 438 4020 exaratos
456 3981 536 4035 quam
553 3964 682 4034 plurimos
699 3963 880 4032 indagandos,
897 3963 1093 4029 diiudicandus,
1111 3963 1282 4034 usurpandos
1300 3981 1362 4022 esse

212 4065 246 4104 ue
268 4049 293 4103 is
310 4049 417 4118 quidem
435 4050 543 4120 negabit
559 4048 606 4118 qui
623 4049 784 4118 primoribus
798 4048 883 4103 labris
899 4049 1049 4118 gustauerit
1061 4053 1146 4102 artem
1159 4050 1314 4106 criticorum
1331 4055 1360 4106 et

211 4133 352 4196 extremis,
372 4140 403 4189 ut
420 4137 509 4201 aiunt,
528 4132 615 4202 digitis
632 4134 760 4203 attigerit.
795 4131 842 4187 sed
860 4134 924 4202 quid
941 4148 1010 4202 opus
1028 4139 1070 4188 est
1084 4132 1182 4203 plura?
1212 4133 1293 4190 homo
1313 4135 1362 4190 ille

209 4217 398 4287 doctissimus,
422 4237 485 4276 cum
507 4235 562 4275 non
584 4215 697 4274 baberet
719 4214 792 4287 quod
814 4221 889 4272 recte
909 4218 1026 4284 diceret,
1047 4232 1133 4287 praue
1153 4217 1243 4274 dicero
1265 4220 1362 4274 maluit

209 4317 294 4372 quam
313 4301 429 4357 tacendo
446 4316 565 4357 errorem
582 4315 662 4356 suum
680 4300 812 4358 confiteri.
