3326 4924
692 228 906 286 ..px-

230 413 363 494 plagulas
385 413 544 493 impressas
564 413 722 492 perlustro,
745 413 797 473 has
819 412 897 474 iilius
919 412 1056 474 editionis
1071 412 1214 474 lectiones
1229 414 1377 477 addendas

231 534 296 577 esse
314 515 389 577 uidi:
409 518 470 581 293
485 515 527 576 De
540 516 600 589 seri
613 515 672 578 317
690 520 765 576 ieter
775 515 865 588 froas.
910 533 945 576 ex
960 514 1115 577 Schraderi
1131 533 1204 576 uero
1225 535 1377 578 commen·

231 618 305 679 tario
335 627 364 678 et
386 617 579 678 Schauhaohii
600 616 714 677 Arateis
739 634 788 678 eas
815 625 930 677 tantum
959 616 1048 677 adtuli
1074 615 1276 693 coniecturas,
1304 637 1378 698 quas

231 720 261 780 in
285 737 390 800 poema
411 718 506 799 ipsum
529 717 713 798 recipiendas
735 737 798 780 esse
820 720 971 780 duxeram.

318 821 457 900 Sequitur
478 827 512 881 ut
533 819 628 880 dicam
651 819 686 880 de
710 820 751 881 eis
771 820 1034 898 Prognosticorum
1055 820 1138 894 locis,
1164 819 1214 898 qui
1237 822 1376 883 emenda-

230 922 313 983 tione
335 941 422 1002 egere
440 922 589 983 uidentur.
633 923 683 1000 qui
707 921 825 1000 quidem
845 921 987 1001 perpauci
1002 930 1081 997 sunt,
1104 938 1171 981 nam
1195 923 1245 1001 qui
1267 924 1376 986 ioedis-

231 1024 304 1086 sime
327 1024 458 1103 corrupti
480 1042 514 1084 ac
536 1023 687 1103 deprauati
708 1022 780 1083 mihi
803 1022 858 1084 uisi
883 1031 992 1097 essent,
1015 1023 1057 1083 eis
1079 1022 1136 1082 iam
1158 1033 1243 1086 antea
1264 1025 1376 1088 mederi

231 1136 355 1187 conatus
376 1129 482 1202 sumet)
933 1126 935 1130 ’

316 1311 342 1376 *)
358 1310 403 1364 Ad
413 1308 603 1362 Phaenomena
615 1319 676 1360 curn
688 1305 742 1360 alia
752 1307 811 1358 tum
822 1319 855 1359 ea
865 1306 1010 1375 pertinent,
1022 1321 1092 1376 quae
1103 1307 1131 1361 in
1143 1307 1259 1364 Hermae
1272 1309 1326 1366 uol.
1336 1310 1377 1364 XI

230 1411 258 1464 p.
276 1398 323 1448 lli
342 1409 399 1463 sqq.
418 1393 482 1448 dixi.
518 1392 615 1460 quibus
640 1390 672 1444 de
695 1391 775 1444 rebus
797 1405 858 1444 curn
875 1391 1006 1446 Aemilius
1023 1391 1160 1447 Baehrens
1181 1393 1211 1446 in
1233 1394 1377 1451 annalibus

230 1479 359 1535 Bursiani
376 1477 536 1533 sententiam
557 1475 667 1530 tulisset
682 1473 892 1544 iniquissimam,
915 1490 933 1530 a
954 1476 1101 1544 Burrieno,
1126 1476 1187 1533 uiro
1209 1477 1374 1546 doctissimo,

231 1578 301 1634 quae
319 1563 377 1618 eius
394 1566 436 1616 est
451 1561 604 1616 humanitas
622 1558 705 1613 animi
722 1564 749 1613 et
765 1558 858 1614 indicii
874 1559 1029 1629 integritas,
1053 1561 1135 1617 facile
1154 1560 1313 1631 impetrem,
1334 1570 1374 1632 ut,

231 1663 301 1717 quae
323 1646 482 1702 Baehrenrii
505 1643 655 1705 sententiae
677 1644 838 1714 opponenda
860 1659 920 1699 csse
946 1646 1125 1714 censuissem,
1151 1647 1179 1700 in
1202 1650 1279 1713 acta,
1306 1663 1377 1717 quae

230 1731 376 1787 annalibus
399 1730 452 1785 illis
474 1728 537 1784 addi
561 1729 661 1795 solent,
683 1729 804 1798 recipere
821 1731 978 1784 maturaret.
1014 1745 1067 1798 que
1089 1729 1163 1785 iacto
1185 1733 1329 1800 postquam
1347 1736 1377 1788 et

230 1815 413 1872 Baehrensiur
431 1815 460 1869 in
477 1814 543 1883 ipsis
560 1814 628 1868 actis
646 1813 674 1867 in
692 1829 743 1867 sua
760 1827 790 1868 se
807 1814 941 1869 sententia
957 1828 1132 1883 perseuerare
1149 1814 1217 1869 dixit
1233 1830 1320 1885 neque
1332 1832 1379 1872 mc

230 1900 265 1956 de
281 1916 341 1956 mea
358 1899 456 1962 mouit,
473 1898 527 1954 hec
544 1914 592 1968 ege
610 1900 685 1965 loco,
706 1912 775 1966 qnae
790 1897 836 1952 ille
854 1903 948 1953 contra
966 1898 1128 1969 disputauit,
1151 1899 1299 1956 refutanda
1316 1916 1377 1958 esse

231 1986 363 2040 existimo.
398 1983 491 2039 sedne
509 1983 555 2052 qui
571 1983 639 2037 haec
651 1982 752 2050 legunt,
770 1981 835 2050 quid
851 1982 959 2038 tandem
976 1985 1004 2038 in
1022 1986 1235 2040 controuersiam
1248 1994 1376 2042 uocatum

230 2074 316 2138 esset,
342 2071 511 2138 ignorarent,
538 2066 719 2123 defensionem
746 2080 832 2120 meam
859 2081 914 2122 una
940 2083 1000 2122 cum
1027 2069 1186 2139 exceptione
1208 2070 1281 2128 illius
1302 2072 1377 2128 intra

233 2171 322 2225 poam.

315 2241 390 2309 Quae
412 2239 471 2308 ipse
494 2238 549 2292 dixi
571 2237 599 2292 in
622 2238 691 2293 actis
708 2237 834 2292 Bursiani
851 2236 1076 2306 (hessiga-Blatt
1092 2255 1154 2292 zum
1170 2239 1376 2297 Jahreshericht

230 2327 298 2380 iiber
316 2325 360 2380 die
377 2323 557 2378 Fertschritte
580 2323 628 2378 der
645 2322 811 2378 classischcn
828 2321 1186 2378 Alterthumswissenschait
1205 2330 1267 2380 1881
1286 2326 1339 2383 Ne.
1358 2333 1374 2382 2

229 2427 256 2479 p.
274 2413 360 2479 aeq),
377 2408 445 2462 haec
462 2413 538 2490 sunt:

671 2491 744 2546 ZUR
761 2491 931 2546 ABWEHR.

315 2595 355 2649 lm
373 2594 498 2650 sechsten
514 2594 610 2649 Bande
627 2592 713 2647 dieser
729 2592 895 2656 Zeitschrift‚
913 2592 1051 2660 Jahrgang
1066 2591 1114 2656 IV,
1131 2592 1214 2648 Abth.
1234 2597 1257 2660 2,
1276 2594 1375 2664 S.15'l,

230 2683 292 2749 sagi
303 2680 373 2734 Herr
384 2680 417 2734 Ε.
429 2678 568 2734 Baehrens
584 2677 653 2732 uber
670 2676 722 2733 den
740 2681 830 2733 ersten
842 2676 948 2732 Artikel
959 2677 1060 2731 meiner
1070 2677 1195 2746 Beitritge
1208 2695 1244 2733 zu
1255 2680 1377 2738 Avienus

231 2765 352 2832 (Hermes
369 2763 423 2826 XI,
441 2763 469 2818 S.
488 2766 646 2828 atr-254J:
671 2763 767 2825 „Auch
783 2762 842 2817 hier
858 2763 895 2817 ist
912 2779 946 2816 ιι
963 2761 1101 2817 bodasem
1121 2762 1165 2816 die
1182 2767 1374 2834 ungenilgende

230 2849 448 2904 Bekanntschaft
464 2848 513 2903 mit
525 2848 588 2902 'dem
605 2847 865 2903 handschriftlichen
882 2846 1026 2902 Materiale
1048 2850 1109 2912 (nur
1132 2847 1180 2902 der
1197 2849 1257 2903 eine
1273 2849 1374 2906 Vinde-

229 2932 358 2988 bonensis
378 2934 416 2987 ist
439 2933 498 2988 dem
521 2931 665 2987 Verfasser
687 2933 865 3001 anganglich),
886 2933 914 2987 in
937 2931 1019 3000 Folge
1041 2931 1137 2986 dassen
1160 2933 1231 2987 auch
1255 2932 1299 2987 dic
1321 2935 1374 2990 Be·

230 3017 384 3088 sprechung
406 3022 548 3084 sempter
565 3015 665 3070 Stellen
686 3001 851 3084 mangelhaft
867 3017 927 3072 ist“.
961 3015 1078 3071 Hicrauf
1096 3015 1219 3071 hemerlrt
1242 3032 1285 3083 er,
1310 3017 1376 3074 dass

230 3105 333 3158 Phaen.
344 3106 392 3156 264
403 3100 431 3153 ff.
444 3100 499 3167 elli,
516 3101 606 3166 micat,
622 3101 718 3163 instar,
736 3101 857 3167 amictus,
870 3101 970 3156 rubore
981 3100 1206 3156 handschriitlich
1217 3100 1378 3158 tiberlieiert

230 3186 270 3243 sei
288 3186 343 3241 und
361 3184 501 3253 bespricht
518 3185 590 3240 dann
608 3185 681 3240 diese
699 3185 790 3251 Stella,
808 3187 893 3241 wobei
911 3201 942 3240 er
958 3185 1056 3241 wieder
1073 3185 1133 3239 eine
1149 3185 1247 3239 Lesart
1263 3185 1377 3243 anitihrt

136 3275 141 3278 “
230 3273 287 3328 und
298 3272 338 3326 als
350 3269 576 3326 handschriitlich
588 3269 744 3325 hherlielert
755 3270 919 3337 bezeichnet,
938 3270 1008 3325 ohne
1024 3270 1097 3325 scine
1109 3268 1202 3336 Quellc
1213 3286 1248 3324 zu
1260 3285 1374 3327 nennen.

315 3355 373 3410 Der
383 3354 490 3409 Artikel
508 3356 580 3418 aher,
597 3355 665 3410 liber
683 3356 734 3411 den
752 3371 782 3410 so
801 3357 848 3411 der
860 3354 926 3410 Stah
942 3353 1095 3423 gebrechen
1108 3354 1181 3419 wird,
1199 3353 1306 3410 besteht
1323 3371 1374 3412 aus

229 3441 309 3498 zwelf
318 3441 533 3508 Bemerlrungen,
549 3440 651 3495 welche
662 3440 828 3509 verwiegend
840 3438 1053 3510 apologetiseher
1063 3437 1151 3492 Natur
1168 3439 1240 3493 sind:
1260 3455 1288 3494 es
1305 3455 1373 3495 wer·

231 3527 283 3582 den
307 3527 385 3580 meist
409 3526 458 3580 auf
480 3524 575 3579 (irund
599 3525 646 3580 des
668 3524 886 3580 vindebonensis
907 3522 1083 3578 uillkhrliche
1107 3523 1302 3592 henderungen
1326 3524 1374 3580 des

230 3611 333 3666 Textcs
351 3610 595 3678 zurichgewiesem
613 3626 665 3664 nur
677 3609 773 3664 einmal
785 3609 843 3676 (Νι.
858 3613 898 3672 tlt
911 3607 981 3663 habe
992 3609 1038 3662 ich
1049 3607 1376 3663 Emendatiensversuche

229 3695 362 3765 gemacht.
397 3694 450 3750 Um
462 3711 492 3750 se
504 3695 581 3750 mehr
598 3699 700 3750 mnsste
711 3709 739 3748 es
757 3693 829 3748 mich
842 3693 1033 3760 iiberraschem
1052 3693 1114 3747 dass
1127 3692 1186 3746 elne
1197 3692 1375 3748 Handschrilt

229 3781 289 3837 cine
300 3779 407 3834 Anzahl
423 3779 503 3848 vellig
519 3780 639 3836 sicherer
654 3780 711 3835 und
728 3778 935 3834 ansreichender
946 3777 1078 3832 Lesarton
1097 3775 1144 3831 des
1156 3775 1374 3833 vindobonensis

229 3872 381 3922 umstessen
402 3864 511 3918 libente.
546 3863 626 3920 Denn
648 3881 700 3919 nur
722 3865 751 3919 in
773 3864 872 3919 diesem
890 3863 967 3916 Falle
990 3863 1066 3916 hatte
1082 3859 1155 3915 Herr
1170 3860 1310 3917 Baehrens
1326 3877 1373 3930 ge·

230 3950 379 4019 grundeten
392 3948 492 4003 Anlass
508 3949 617 4018 gehabt,
636 3949 695 4014 „eie
712 3948 904 4017 ungenilgende
915 3945 1131 4002 Bekanntschait
1145 3945 1196 3999 mit
1212 3944 1272 4000 dem
1286 3946 1372 4002 hand-

230 4033 418 4092 schrifthchen
429 4031 585 4088 Materiale“
599 4051 634 4089 zu
646 4034 782 4090 bedauern
799 4033 855 4089 und
868 4033 912 4097 „in
924 4032 1007 4100 Felge
1019 4032 1114 4086 dassen
1126 4030 1169 4086 die
1179 4031 1376 4102 Besprechung

230 4121 374 4188 eermpter
390 4117 491 4172 Stellen
508 4119 686 4186 mangelhaft“
705 4136 739 4174 au
756 4133 871 4174 nennen.

315 4202 367 4257 Die
384 4211 555 4270 ungenannte
571 4201 813 4258 handschriftliche
825 4203 918 4272 Quelle
937 4201 983 4258 des
1001 4201 1090 4256 Herm
1108 4201 1245 4256 Baehrens
1263 4202 1299 4256 ist
1315 4217 1374 4257 nnn

229 4289 296 4345 aber
308 4287 356 4343 der
367 4286 562 4342 Ambrosianus
574 4285 608 4341 D.
620 4291 652 4341 52
665 4286 712 4342 inf.
731 4287 788 4342 und
805 4301 854 4342 aus
867 4287 940 4342 einer
952 4285 1127 4356 sorgialtigen
1140 4285 1272 4344 Oellatien
1284 4286 1373 4342 dieser
